[2025-07-04 00:56:59] DEBUG: Logging to console and file: logs\debug_20250704_005659.log
[2025-07-04 00:57:00] DEBUG: Set ALL_PROXY=http://127.0.0.1:7890
[2025-07-04 00:57:00] DEBUG: WSSecCandle connecting…
[2025-07-04 00:57:00] DEBUG: WSOrderBook connecting…
[2025-07-04 00:57:00] DEBUG: WSLive connecting…
[2025-07-04 00:57:02] DEBUG: WSOrderBook subscribed books5
[2025-07-04 00:57:02] DEBUG: WSSecCandle subscribed trades
[2025-07-04 00:57:03] DEBUG: WSLive subscribed candle1m
[2025-07-04 00:57:03] DEBUG: WSOB RAW: {"event":"subscribe","arg":{"channel":"books5","instId":"ETH-USDT"},"connId":"aac4590d"}
[2025-07-04 00:57:03] DEBUG: WS1S RAW: {"event":"subscribe","arg":{"channel":"trades","instId":"ETH-USDT"},"connId":"6dcf17ea"}
[2025-07-04 00:57:03] DEBUG: WSOB RAW: {"arg":{"channel":"books5","instId":"ETH-USDT"},"data":[{"asks":[["2572.9","14.358553","0","8"],["2572.94","0.1","0","1"],["2572.96","3.5","0","1"],["2572.99","3.7","0","2"],["2573","4.492","0","2"]],"bids":[["2572.89","5.142155","0","3"],["2572.81","2.170124","0","2"],["2572.8","1.170194","0","2"],["2572.74","0.1","0","1"],["2572.71","0.248418","0","1"]],"instId":"ETH-USDT","ts":"1751561820309","seqId":52746272968}]}
[2025-07-04 00:57:03] DEBUG: WSOB data bids=5 asks=5
[2025-07-04 00:57:03] DEBUG: WSLive RAW: {"event":"error","msg":"Wrong URL or channel:candle1m,instId:ETH-USDT doesn't exist. Please use the correct URL, channel and parameters referring to API document.","code":"60018","connId":"8471cb35"}
[2025-07-04 00:57:03] DEBUG: WSOB RAW: {"arg":{"channel":"books5","instId":"ETH-USDT"},"data":[{"asks":[["2572.9","10.668553","0","7"],["2572.94","0.1","0","1"],["2572.96","3.5","0","1"],["2572.99","3.7","0","2"],["2573","4.492","0","2"]],"bids":[["2572.89","6.55726","0","5"],["2572.81","2.170124","0","2"],["2572.8","1.170194","0","2"],["2572.74","0.1","0","1"],["2572.71","0.248418","0","1"]],"instId":"ETH-USDT","ts":"1751561820409","seqId":52746272988}]}
[2025-07-04 00:57:03] DEBUG: WSOB data bids=5 asks=5
[2025-07-04 00:57:03] DEBUG: WSOB RAW: {"arg":{"channel":"books5","instId":"ETH-USDT"},"data":[{"asks":[["2572.9","14.458553","0","9"],["2572.94","0.1","0","1"],["2572.96","3.5","0","1"],["2572.99","3.7","0","2"],["2573","4.492","0","2"]],"bids":[["2572.89","3.32955","0","1"],["2572.82","0.1","0","1"],["2572.81","0.1","0","1"],["2572.8","1.170194","0","2"],["2572.74","0.1","0","1"]],"instId":"ETH-USDT","ts":"1751561820609","seqId":52746273013}]}
[2025-07-04 00:57:03] DEBUG: WSOB data bids=5 asks=5
[2025-07-04 00:57:03] DEBUG: WSOB RAW: {"arg":{"channel":"books5","instId":"ETH-USDT"},"data":[{"asks":[["2572.9","14.458553","0","9"],["2572.94","0.1","0","1"],["2572.96","3.5","0","1"],["2572.99","3.7","0","2"],["2573","4.492","0","2"]],"bids":[["2572.89","9.027655","0","3"],["2572.82","0.1","0","1"],["2572.81","0.679916","0","1"],["2572.8","1.170194","0","2"],["2572.74","0.1","0","1"]],"instId":"ETH-USDT","ts":"1751561820709","seqId":52746273038}]}
[2025-07-04 00:57:03] DEBUG: WSOB data bids=5 asks=5
[2025-07-04 00:57:04] DEBUG: WSOB RAW: {"arg":{"channel":"books5","instId":"ETH-USDT"},"data":[{"asks":[["2572.9","5.833553","0","5"],["2572.94","0.1","0","1"],["2572.96","3.5","0","1"],["2572.99","3.7","0","2"],["2573","4.492","0","2"]],"bids":[["2572.89","9.401155","0","5"],["2572.82","0.1","0","1"],["2572.81","0.679916","0","1"],["2572.8","1.170194","0","2"],["2572.74","0.1","0","1"]],"instId":"ETH-USDT","ts":"1751561820909","seqId":52746273091}]}
[2025-07-04 00:57:04] DEBUG: WSOB data bids=5 asks=5
[2025-07-04 00:57:04] DEBUG: WSOB RAW: {"arg":{"channel":"books5","instId":"ETH-USDT"},"data":[{"asks":[["2572.9","8.549106","0","7"],["2572.94","0.1","0","1"],["2572.96","3.5","0","1"],["2572.99","3.7","0","2"],["2573","4.492","0","2"]],"bids":[["2572.89","9.401155","0","5"],["2572.82","0.1","0","1"],["2572.81","0.679916","0","1"],["2572.8","1.170194","0","2"],["2572.74","0.1","0","1"]],"instId":"ETH-USDT","ts":"1751561821009","seqId":52746273116}]}
[2025-07-04 00:57:04] DEBUG: WSOB data bids=5 asks=5
[2025-07-04 00:57:04] DEBUG: WSOB RAW: {"arg":{"channel":"books5","instId":"ETH-USDT"},"data":[{"asks":[["2572.9","8.549106","0","7"],["2572.94","0.1","0","1"],["2572.96","3.5","0","1"],["2572.98","0.1167","0","1"],["2572.99","3.7","0","2"]],"bids":[["2572.89","9.306655","0","4"],["2572.82","0.1","0","1"],["2572.81","0.679916","0","1"],["2572.8","1.170194","0","2"],["2572.74","0.1","0","1"]],"instId":"ETH-USDT","ts":"1751561821109","seqId":52746273120}]}
[2025-07-04 00:57:04] DEBUG: WSOB data bids=5 asks=5
[2025-07-04 00:57:04] DEBUG: WSOB RAW: {"arg":{"channel":"books5","instId":"ETH-USDT"},"data":[{"asks":[["2572.9","2.986806","0","4"],["2572.94","0.1","0","1"],["2572.99","0.2","0","1"],["2573","4.492","0","2"],["2573.01","3.52","0","2"]],"bids":[["2572.89","15.612745","0","6"],["2572.82","0.1","0","1"],["2572.81","0.679916","0","1"],["2572.8","1.170194","0","2"],["2572.74","0.1","0","1"]],"instId":"ETH-USDT","ts":"1751561821309","seqId":52746273205}]}
[2025-07-04 00:57:04] DEBUG: WSOB data bids=5 asks=5
[2025-07-04 00:57:04] DEBUG: WSOB RAW: {"arg":{"channel":"books5","instId":"ETH-USDT"},"data":[{"asks":[["2572.94","9.154","0","6"],["2573","0.992","0","1"],["2573.01","0.02","0","1"],["2573.02","0.1","0","1"],["2573.04","0.2","0","1"]],"bids":[["2572.93","25.032216","0","11"],["2572.91","3.593315","0","1"],["2572.9","1.170194","0","2"],["2572.89","6.19359","0","1"],["2572.83","3.727932","0","1"]],"instId":"ETH-USDT","ts":"1751561821409","seqId":52746273415}]}
[2025-07-04 00:57:04] DEBUG: WSOB data bids=5 asks=5
[2025-07-04 00:57:04] DEBUG: WSOB RAW: {"arg":{"channel":"books5","instId":"ETH-USDT"},"data":[{"asks":[["2572.94","15.1185","0","8"],["2573","0.992","0","1"],["2573.01","0.02","0","1"],["2573.02","0.1","0","1"],["2573.04","0.2","0","1"]],"bids":[["2572.93","11.911309","0","7"],["2572.91","1.469438","0","1"],["2572.9","0.992","0","1"],["2572.83","3.727932","0","1"],["2572.82","0.1","0","1"]],"instId":"ETH-USDT","ts":"1751561821509","seqId":52746273509}]}
[2025-07-04 00:57:04] DEBUG: WSOB data bids=5 asks=5
[2025-07-04 00:57:04] DEBUG: WSOB RAW: {"arg":{"channel":"books5","instId":"ETH-USDT"},"data":[{"asks":[["2572.94","11.4285","0","7"],["2572.97","0.1167","0","1"],["2573","4.492","0","2"],["2573.01","0.02","0","1"],["2573.02","0.1","0","1"]],"bids":[["2572.93","12.190309","0","8"],["2572.91","1.469438","0","1"],["2572.9","0.992","0","1"],["2572.83","3.727932","0","1"],["2572.82","0.1","0","1"]],"instId":"ETH-USDT","ts":"1751561821609","seqId":52746273543}]}
[2025-07-04 00:57:04] DEBUG: WSOB data bids=5 asks=5
[2025-07-04 00:57:04] DEBUG: WSOB RAW: {"arg":{"channel":"books5","instId":"ETH-USDT"},"data":[{"asks":[["2572.94","11.4285","0","7"],["2572.97","0.1167","0","1"],["2572.98","0.1","0","1"],["2573","4.492","0","2"],["2573.01","0.02","0","1"]],"bids":[["2572.93","12.190309","0","8"],["2572.91","1.469438","0","1"],["2572.9","1.092","0","2"],["2572.83","3.827932","0","2"],["2572.82","0.1","0","1"]],"instId":"ETH-USDT","ts":"1751561821709","seqId":52746273562}]}
[2025-07-04 00:57:04] DEBUG: WSOB data bids=5 asks=5
[2025-07-04 00:57:05] DEBUG: WSOB RAW: {"arg":{"channel":"books5","instId":"ETH-USDT"},"data":[{"asks":[["2572.94","11.4285","0","7"],["2572.97","0.1167","0","1"],["2572.98","0.1","0","1"],["2573","4.492","0","2"],["2573.01","0.02","0","1"]],"bids":[["2572.93","11.937209","0","7"],["2572.91","1.469438","0","1"],["2572.9","1.092","0","2"],["2572.83","3.827932","0","2"],["2572.82","0.1","0","1"]],"instId":"ETH-USDT","ts":"1751561822009","seqId":52746273598}]}
[2025-07-04 00:57:05] DEBUG: WSOB data bids=5 asks=5
[2025-07-04 00:57:05] DEBUG: WSOB RAW: {"arg":{"channel":"books5","instId":"ETH-USDT"},"data":[{"asks":[["2572.94","11.4285","0","7"],["2572.98","0.1","0","1"],["2573","4.492","0","2"],["2573.02","0.1","0","1"],["2573.04","0.2","0","1"]],"bids":[["2572.93","11.937209","0","7"],["2572.91","1.469438","0","1"],["2572.9","1.092","0","2"],["2572.83","3.827932","0","2"],["2572.82","0.1","0","1"]],"instId":"ETH-USDT","ts":"1751561822109","seqId":52746273623}]}
[2025-07-04 00:57:05] DEBUG: WSOB data bids=5 asks=5
[2025-07-04 00:57:05] DEBUG: WSOB RAW: {"arg":{"channel":"books5","instId":"ETH-USDT"},"data":[{"asks":[["2572.94","15.1185","0","8"],["2572.98","3.6","0","2"],["2573","4.492","0","2"],["2573.02","3.6","0","2"],["2573.04","0.2","0","1"]],"bids":[["2572.93","3.98285","0","3"],["2572.91","1.469438","0","1"],["2572.9","1.092","0","2"],["2572.83","3.827932","0","2"],["2572.82","0.1","0","1"]],"instId":"ETH-USDT","ts":"1751561822309","seqId":52746273655}]}
[2025-07-04 00:57:05] DEBUG: WSOB data bids=5 asks=5
[2025-07-04 00:57:05] DEBUG: WSOB RAW: {"arg":{"channel":"books5","instId":"ETH-USDT"},"data":[{"asks":[["2572.94","15.1185","0","8"],["2572.98","3.6","0","2"],["2573","4.492","0","2"],["2573.02","3.6","0","2"],["2573.04","0.2","0","1"]],"bids":[["2572.93","3.98285","0","3"],["2572.91","1.469438","0","1"],["2572.9","1.092","0","2"],["2572.83","3.827932","0","2"],["2572.81","0.823997","0","1"]],"instId":"ETH-USDT","ts":"1751561822409","seqId":52746273697}]}
[2025-07-04 00:57:05] DEBUG: WSOB data bids=5 asks=5
[2025-07-04 00:57:05] DEBUG: WSOB RAW: {"arg":{"channel":"books5","instId":"ETH-USDT"},"data":[{"asks":[["2572.94","11.4285","0","7"],["2572.98","3.6","0","2"],["2573","4.492","0","2"],["2573.02","3.6","0","2"],["2573.04","0.2","0","1"]],"bids":[["2572.93","3.98285","0","3"],["2572.91","1.469438","0","1"],["2572.9","1.092","0","2"],["2572.83","3.827932","0","2"],["2572.81","0.823997","0","1"]],"instId":"ETH-USDT","ts":"1751561822509","seqId":52746273713}]}
[2025-07-04 00:57:05] DEBUG: WSOB data bids=5 asks=5
[2025-07-04 00:57:05] DEBUG: WSOB RAW: {"arg":{"channel":"books5","instId":"ETH-USDT"},"data":[{"asks":[["2572.94","11.4285","0","7"],["2572.98","3.6","0","2"],["2573","4.492","0","2"],["2573.02","3.6","0","2"],["2573.04","0.2","0","1"]],"bids":[["2572.93","5.85185","0","5"],["2572.91","1.469438","0","1"],["2572.9","1.092","0","2"],["2572.83","3.827932","0","2"],["2572.81","0.823997","0","1"]],"instId":"ETH-USDT","ts":"1751561822609","seqId":52746273726}]}
[2025-07-04 00:57:05] DEBUG: WSOB data bids=5 asks=5
[2025-07-04 00:57:05] DEBUG: WSOB RAW: {"arg":{"channel":"books5","instId":"ETH-USDT"},"data":[{"asks":[["2572.94","15.1185","0","8"],["2572.98","3.6","0","2"],["2573","4.492","0","2"],["2573.02","3.6","0","2"],["2573.04","0.2","0","1"]],"bids":[["2572.93","5.85185","0","5"],["2572.91","1.469438","0","1"],["2572.9","1.092","0","2"],["2572.83","3.827932","0","2"],["2572.81","0.823997","0","1"]],"instId":"ETH-USDT","ts":"1751561822709","seqId":52746273741}]}
[2025-07-04 00:57:05] DEBUG: WSOB data bids=5 asks=5
[2025-07-04 00:57:05] DEBUG: WSOB RAW: {"arg":{"channel":"books5","instId":"ETH-USDT"},"data":[{"asks":[["2572.94","11.4285","0","7"],["2572.98","3.6","0","2"],["2573","4.492","0","2"],["2573.02","3.6","0","2"],["2573.04","0.2","0","1"]],"bids":[["2572.93","6.692955","0","5"],["2572.91","1.469438","0","1"],["2572.9","1.092","0","2"],["2572.83","3.827932","0","2"],["2572.81","0.823997","0","1"]],"instId":"ETH-USDT","ts":"1751561822809","seqId":52746273756}]}
[2025-07-04 00:57:05] DEBUG: WSOB data bids=5 asks=5
[2025-07-04 00:57:06] DEBUG: WSOB RAW: {"arg":{"channel":"books5","instId":"ETH-USDT"},"data":[{"asks":[["2572.94","15.1185","0","8"],["2572.98","3.6","0","2"],["2573","4.492","0","2"],["2573.02","3.5","0","1"],["2573.04","0.2","0","1"]],"bids":[["2572.93","6.692955","0","5"],["2572.91","1.469438","0","1"],["2572.9","1.092","0","2"],["2572.83","3.827932","0","2"],["2572.81","0.823997","0","1"]],"instId":"ETH-USDT","ts":"1751561822909","seqId":52746273771}]}
[2025-07-04 00:57:06] DEBUG: WSOB data bids=5 asks=5
[2025-07-04 00:57:06] DEBUG: WSOB RAW: {"arg":{"channel":"books5","instId":"ETH-USDT"},"data":[{"asks":[["2572.94","11.4285","0","7"],["2572.97","0.1167","0","1"],["2572.98","3.6","0","2"],["2573","4.492","0","2"],["2573.02","3.5","0","1"]],"bids":[["2572.93","9.520455","0","6"],["2572.91","1.469438","0","1"],["2572.9","1.092","0","2"],["2572.83","3.827932","0","2"],["2572.81","0.823997","0","1"]],"instId":"ETH-USDT","ts":"1751561823109","seqId":52746273780}]}
[2025-07-04 00:57:06] DEBUG: WSOB data bids=5 asks=5
[2025-07-04 00:57:06] DEBUG: WSOB RAW: {"arg":{"channel":"books5","instId":"ETH-USDT"},"data":[{"asks":[["2572.94","5.9855","0","5"],["2572.97","0.1167","0","1"],["2572.98","3.6","0","2"],["2573","4.492","0","2"],["2573.02","3.5","0","1"]],"bids":[["2572.93","11.110455","0","7"],["2572.91","1.469438","0","1"],["2572.9","1.092","0","2"],["2572.83","3.827932","0","2"],["2572.81","0.823997","0","1"]],"instId":"ETH-USDT","ts":"1751561823209","seqId":52746273845}]}
[2025-07-04 00:57:06] DEBUG: WSOB data bids=5 asks=5
[2025-07-04 00:57:06] DEBUG: WSOB RAW: {"arg":{"channel":"books5","instId":"ETH-USDT"},"data":[{"asks":[["2572.94","2.701553","0","1"],["2572.98","0.1","0","1"],["2573","0.992","0","1"],["2573.08","0.00015","0","1"],["2573.09","0.004192","0","2"]],"bids":[["2572.93","11.110455","0","7"],["2572.91","1.469438","0","1"],["2572.9","1.092","0","2"],["2572.83","3.827932","0","2"],["2572.81","0.823997","0","1"]],"instId":"ETH-USDT","ts":"1751561823309","seqId":52746273909}]}
[2025-07-04 00:57:06] DEBUG: WSOB data bids=5 asks=5
[2025-07-04 00:57:06] DEBUG: WSOB RAW: {"arg":{"channel":"books5","instId":"ETH-USDT"},"data":[{"asks":[["2573","2.971","0","1"],["2573.08","0.00015","0","1"],["2573.09","0.000392","0","1"],["2573.1","0.992","0","1"],["2573.11","0.1","0","1"]],"bids":[["2572.99","23.080961","0","13"],["2572.95","1.589438","0","1"],["2572.94","0.178194","0","1"],["2572.93","0.2","0","2"],["2572.9","1.092","0","2"]],"instId":"ETH-USDT","ts":"1751561823409","seqId":52746274058}]}
[2025-07-04 00:57:06] DEBUG: WSOB data bids=5 asks=5
[2025-07-04 00:57:06] DEBUG: WSOB RAW: {"arg":{"channel":"books5","instId":"ETH-USDT"},"data":[{"asks":[["2573","2.971","0","1"],["2573.08","0.00015","0","1"],["2573.09","0.000392","0","1"],["2573.1","0.992","0","1"],["2573.11","0.1","0","1"]],"bids":[["2572.99","26.580961","0","14"],["2572.95","1.589438","0","1"],["2572.94","0.178194","0","1"],["2572.93","0.1","0","1"],["2572.9","0.992","0","1"]],"instId":"ETH-USDT","ts":"1751561823509","seqId":52746274105}]}
[2025-07-04 00:57:06] DEBUG: WSOB data bids=5 asks=5
[2025-07-04 00:57:06] DEBUG: WSOB RAW: {"arg":{"channel":"books5","instId":"ETH-USDT"},"data":[{"asks":[["2573.11","1.948911","0","4"],["2573.2","0.992","0","1"],["2573.21","0.0088","0","1"],["2573.23","0.1","0","1"],["2573.24","0.2","0","1"]],"bids":[["2573.1","9.73809","0","11"],["2573.01","1.103458","0","1"],["2573","0.178194","0","1"],["2572.99","3.680774","0","2"],["2572.95","1.589438","0","1"]],"instId":"ETH-USDT","ts":"1751561823609","seqId":52746274415}]}
[2025-07-04 00:57:06] DEBUG: WSOB data bids=5 asks=5
[2025-07-04 00:57:06] DEBUG: WSOB RAW: {"arg":{"channel":"books5","instId":"ETH-USDT"},"data":[{"asks":[["2573.11","23.43043","0","9"],["2573.2","0.992","0","1"],["2573.21","0.0088","0","1"],["2573.23","0.1","0","1"],["2573.24","0.2","0","1"]],"bids":[["2573.1","0.796349","0","3"],["2573.01","5.569758","0","3"],["2573","3.678194","0","2"],["2572.99","3.5","0","1"],["2572.95","1.589438","0","1"]],"instId":"ETH-USDT","ts":"1751561823709","seqId":52746274508}]}
[2025-07-04 00:57:06] DEBUG: WSOB data bids=5 asks=5
[2025-07-04 00:57:06] DEBUG: WSOB RAW: {"arg":{"channel":"books5","instId":"ETH-USDT"},"data":[{"asks":[["2573.01","8.159325","0","5"],["2573.1","3.298194","0","3"],["2573.11","2.128","0","1"],["2573.2","4.4958","0","3"],["2573.21","3.5088","0","2"]],"bids":[["2573","13.570105","0","6"],["2572.98","1.41598","0","1"],["2572.9","0.992","0","1"],["2572.83","3.727932","0","1"],["2572.81","0.534767","0","3"]],"instId":"ETH-USDT","ts":"1751561823809","seqId":52746274703}]}
[2025-07-04 00:57:06] DEBUG: WSOB data bids=5 asks=5
[2025-07-04 00:57:06] DEBUG: start_fetch clicked
[2025-07-04 00:57:06] DEBUG: Loading cache cache\ETH-USDT_1D.parquet
[2025-07-04 00:57:07] DEBUG: WSOB RAW: {"arg":{"channel":"books5","instId":"ETH-USDT"},"data":[{"asks":[["2573.01","10.566325","0","7"],["2573.1","3.298194","0","3"],["2573.11","2.128","0","1"],["2573.2","4.4958","0","3"],["2573.21","3.5088","0","2"]],"bids":[["2573","10.440099","0","4"],["2572.9","0.992","0","1"],["2572.81","0.534767","0","3"],["2572.8","0.992","0","1"],["2572.79","0.388428","0","1"]],"instId":"ETH-USDT","ts":"1751561823909","seqId":52746274750}]}
[2025-07-04 00:57:07] DEBUG: WSOB data bids=5 asks=5
[2025-07-04 00:57:07] DEBUG: Requested start 1748880000000 < cache earliest 1751472000000, clearing cache
[2025-07-04 00:57:07] DEBUG: REST GET https://www.okx.com/api/v5/market/candles params={'before': 1751558399999, 'limit': 300, 'instId': 'ETH-USDT', 'bar': '1D'}
[2025-07-04 00:57:07] DEBUG: WSOB RAW: {"arg":{"channel":"books5","instId":"ETH-USDT"},"data":[{"asks":[["2573.01","14.256325","0","8"],["2573.1","3.298194","0","3"],["2573.11","2.128","0","1"],["2573.2","4.4958","0","3"],["2573.21","3.5088","0","2"]],"bids":[["2573","6.382099","0","2"],["2572.9","0.992","0","1"],["2572.81","0.534767","0","3"],["2572.8","0.992","0","1"],["2572.77","0.388563","0","1"]],"instId":"ETH-USDT","ts":"1751561824009","seqId":52746274801}]}
[2025-07-04 00:57:07] DEBUG: WSOB data bids=5 asks=5
[2025-07-04 00:57:07] DEBUG: WSOB RAW: {"arg":{"channel":"books5","instId":"ETH-USDT"},"data":[{"asks":[["2573.01","10.564325","0","7"],["2573.1","3.298194","0","3"],["2573.11","2.128","0","1"],["2573.2","4.4958","0","3"],["2573.21","3.5088","0","2"]],"bids":[["2573","6.382099","0","2"],["2572.9","0.992","0","1"],["2572.81","0.534767","0","3"],["2572.8","0.992","0","1"],["2572.77","0.388563","0","1"]],"instId":"ETH-USDT","ts":"1751561824109","seqId":52746274822}]}
[2025-07-04 00:57:07] DEBUG: WSOB data bids=5 asks=5
[2025-07-04 00:57:07] DEBUG: WSOB RAW: {"arg":{"channel":"books5","instId":"ETH-USDT"},"data":[{"asks":[["2573.01","14.254325","0","8"],["2573.1","3.298194","0","3"],["2573.11","2.128","0","1"],["2573.2","4.4958","0","3"],["2573.21","3.5088","0","2"]],"bids":[["2573","6.382099","0","2"],["2572.9","0.992","0","1"],["2572.82","1.661379","0","1"],["2572.81","2.84895","0","3"],["2572.8","0.992","0","1"]],"instId":"ETH-USDT","ts":"1751561824209","seqId":52746274856}]}
[2025-07-04 00:57:07] DEBUG: WSOB data bids=5 asks=5
[2025-07-04 00:57:07] DEBUG: WSOB RAW: {"arg":{"channel":"books5","instId":"ETH-USDT"},"data":[{"asks":[["2573.01","14.254325","0","8"],["2573.1","3.298194","0","3"],["2573.11","2.128","0","1"],["2573.2","4.4958","0","3"],["2573.21","3.5088","0","2"]],"bids":[["2573","6.382099","0","2"],["2572.9","0.992","0","1"],["2572.82","1.661379","0","1"],["2572.81","2.84895","0","3"],["2572.8","1.171044","0","2"]],"instId":"ETH-USDT","ts":"1751561824309","seqId":52746274864}]}
[2025-07-04 00:57:07] DEBUG: WSOB data bids=5 asks=5
[2025-07-04 00:57:07] DEBUG: WSOB RAW: {"arg":{"channel":"books5","instId":"ETH-USDT"},"data":[{"asks":[["2573.01","14.361168","0","10"],["2573.05","2.844","0","2"],["2573.1","3.298194","0","3"],["2573.11","2.128","0","1"],["2573.18","0.1","0","1"]],"bids":[["2573","6.382099","0","2"],["2572.91","0.1","0","1"],["2572.9","0.992","0","1"],["2572.85","0.1","0","1"],["2572.82","1.661379","0","1"]],"instId":"ETH-USDT","ts":"1751561824409","seqId":52746274895}]}
[2025-07-04 00:57:07] DEBUG: WSOB data bids=5 asks=5
[2025-07-04 00:57:07] DEBUG: WS1S RAW: {"arg":{"channel":"trades","instId":"ETH-USDT"},"data":[{"instId":"ETH-USDT","tradeId":"613516173","px":"2573.11","sz":"0.003361","side":"buy","ts":"1751561823584","count":"1"}]}
[2025-07-04 00:57:07] DEBUG: WSOB RAW: {"arg":{"channel":"books5","instId":"ETH-USDT"},"data":[{"asks":[["2573.01","10.671168","0","9"],["2573.05","2.844","0","2"],["2573.1","3.298194","0","3"],["2573.11","2.128","0","1"],["2573.18","0.1","0","1"]],"bids":[["2573","10.560599","0","6"],["2572.91","0.1","0","1"],["2572.9","0.992","0","1"],["2572.85","0.1","0","1"],["2572.82","1.661379","0","1"]],"instId":"ETH-USDT","ts":"1751561824609","seqId":52746274975}]}
[2025-07-04 00:57:07] DEBUG: WSOB data bids=5 asks=5
[2025-07-04 00:57:07] DEBUG: Page 1: 1 rows, first_ts=1751558400000
[2025-07-04 00:57:07] DEBUG: Saved cache rows=1
