[2025-07-04 00:55:41] DEBUG: Logging to console and file: logs\debug_20250704_005541.log
[2025-07-04 00:55:42] DEBUG: Set ALL_PROXY=http://127.0.0.1:7890
[2025-07-04 00:55:42] DEBUG: WSSecCandle connecting…
[2025-07-04 00:55:42] DEBUG: WSOrderBook connecting…
[2025-07-04 00:55:42] DEBUG: WSLive connecting…
[2025-07-04 00:55:44] DEBUG: WSLive subscribed candle1m
[2025-07-04 00:55:44] DEBUG: WSOrderBook subscribed books5
[2025-07-04 00:55:45] DEBUG: WSLive RAW: {"event":"error","msg":"Wrong URL or channel:candle1m,instId:ETH-USDT doesn't exist. Please use the correct URL, channel and parameters referring to API document.","code":"60018","connId":"ac57b4de"}
[2025-07-04 00:55:45] DEBUG: WSOB RAW: {"event":"subscribe","arg":{"channel":"books5","instId":"ETH-USDT"},"connId":"eca6e9e1"}
[2025-07-04 00:55:45] DEBUG: WSOB RAW: {"arg":{"channel":"books5","instId":"ETH-USDT"},"data":[{"asks":[["2573.5","0.992","0","1"],["2573.59","0.1","0","1"],["2573.6","3.12","0","2"],["2573.62","3.5","0","1"],["2573.66","3.5","0","1"]],"bids":[["2573.49","16.951403","0","12"],["2573.45","0.1","0","1"],["2573.44","0.443025","0","1"],["2573.43","0.384749","0","1"],["2573.4","0.992","0","1"]],"instId":"ETH-USDT","ts":"1751561742309","seqId":52746222371}]}
[2025-07-04 00:55:45] DEBUG: WSOB data bids=5 asks=5
[2025-07-04 00:55:45] DEBUG: WSSecCandle subscribed trades
[2025-07-04 00:55:45] DEBUG: WSOB RAW: {"arg":{"channel":"books5","instId":"ETH-USDT"},"data":[{"asks":[["2573.5","4.058","0","2"],["2573.59","0.1","0","1"],["2573.6","3.12","0","2"],["2573.62","3.5","0","1"],["2573.66","3.5","0","1"]],"bids":[["2573.49","16.951403","0","12"],["2573.45","0.1","0","1"],["2573.44","0.443025","0","1"],["2573.43","0.384749","0","1"],["2573.4","0.992","0","1"]],"instId":"ETH-USDT","ts":"1751561742409","seqId":52746222383}]}
[2025-07-04 00:55:45] DEBUG: WSOB data bids=5 asks=5
[2025-07-04 00:55:45] DEBUG: WSOB RAW: {"arg":{"channel":"books5","instId":"ETH-USDT"},"data":[{"asks":[["2573.59","0.1","0","1"],["2573.67","0.01","0","1"],["2573.68","0.000392","0","1"],["2573.69","0.178194","0","1"],["2573.7","0.020543","0","1"]],"bids":[["2573.58","44.221599","0","18"],["2573.5","6.898472","0","2"],["2573.49","3.6","0","2"],["2573.45","0.1","0","1"],["2573.4","0.992","0","1"]],"instId":"ETH-USDT","ts":"1751561742509","seqId":52746222541}]}
[2025-07-04 00:55:45] DEBUG: WSOB data bids=5 asks=5
[2025-07-04 00:55:45] DEBUG: WSOB RAW: {"arg":{"channel":"books5","instId":"ETH-USDT"},"data":[{"asks":[["2573.77","13.433997","0","9"],["2573.8","1.023054","0","2"],["2573.84","0.001765","0","1"],["2573.87","0.388397","0","1"],["2573.9","1.08269","0","2"]],"bids":[["2573.76","28.939463","0","12"],["2573.72","0.886","0","1"],["2573.7","3.5","0","1"],["2573.69","3.5","0","1"],["2573.67","3.5","0","1"]],"instId":"ETH-USDT","ts":"1751561742609","seqId":52746223405}]}
[2025-07-04 00:55:45] DEBUG: WSOB data bids=5 asks=5
[2025-07-04 00:55:45] DEBUG: WSOB RAW: {"arg":{"channel":"books5","instId":"ETH-USDT"},"data":[{"asks":[["2574.01","10.84","0","5"],["2574.04","0.0001","0","1"],["2574.06","0.391","0","2"],["2574.08","0.10151","0","3"],["2574.09","0.002","0","1"]],"bids":[["2574","35.961562","0","16"],["2573.91","3.5","0","1"],["2573.9","4.492","0","2"],["2573.89","3.5","0","1"],["2573.85","3.734832","0","1"]],"instId":"ETH-USDT","ts":"1751561742709","seqId":52746224420}]}
[2025-07-04 00:55:45] DEBUG: WSOB data bids=5 asks=5
[2025-07-04 00:55:45] DEBUG: WS1S RAW: {"event":"subscribe","arg":{"channel":"trades","instId":"ETH-USDT"},"connId":"64926b63"}
[2025-07-04 00:55:46] DEBUG: WSOB RAW: {"arg":{"channel":"books5","instId":"ETH-USDT"},"data":[{"asks":[["2574.01","10.561","0","4"],["2574.04","0.0001","0","1"],["2574.06","3.891","0","3"],["2574.08","3.60151","0","4"],["2574.09","3.5","0","1"]],"bids":[["2574","17.98333","0","9"],["2573.9","0.992","0","1"],["2573.86","2.242264","0","1"],["2573.85","3.734832","0","1"],["2573.81","0.0038","0","1"]],"instId":"ETH-USDT","ts":"1751561742809","seqId":52746224595}]}
[2025-07-04 00:55:46] DEBUG: WSOB data bids=5 asks=5
[2025-07-04 00:55:46] DEBUG: WSOB RAW: {"arg":{"channel":"books5","instId":"ETH-USDT"},"data":[{"asks":[["2574.01","8.1605","0","3"],["2574.04","0.0001","0","1"],["2574.06","3.891","0","3"],["2574.08","3.62651","0","5"],["2574.09","3.5","0","1"]],"bids":[["2574","18.592313","0","8"],["2573.9","0.992","0","1"],["2573.86","3.108804","0","1"],["2573.85","3.734832","0","1"],["2573.81","0.0038","0","1"]],"instId":"ETH-USDT","ts":"1751561742909","seqId":52746224724}]}
[2025-07-04 00:55:46] DEBUG: WSOB data bids=5 asks=5
[2025-07-04 00:55:46] DEBUG: WSOB RAW: {"arg":{"channel":"books5","instId":"ETH-USDT"},"data":[{"asks":[["2574.01","10.2885","0","4"],["2574.04","0.0001","0","1"],["2574.06","3.891","0","3"],["2574.08","3.62651","0","5"],["2574.09","3.5","0","1"]],"bids":[["2574","18.592313","0","8"],["2573.9","0.992","0","1"],["2573.86","3.108804","0","1"],["2573.85","3.734832","0","1"],["2573.81","0.0038","0","1"]],"instId":"ETH-USDT","ts":"1751561743009","seqId":52746224770}]}
[2025-07-04 00:55:46] DEBUG: WSOB data bids=5 asks=5
[2025-07-04 00:55:46] DEBUG: WSOB RAW: {"arg":{"channel":"books5","instId":"ETH-USDT"},"data":[{"asks":[["2574.01","10.3135","0","5"],["2574.02","0.116673","0","1"],["2574.04","0.0001","0","1"],["2574.06","3.891","0","3"],["2574.08","3.62651","0","5"]],"bids":[["2574","12.976803","0","7"],["2573.9","0.992","0","1"],["2573.86","3.22159","0","1"],["2573.85","3.734832","0","1"],["2573.81","0.0038","0","1"]],"instId":"ETH-USDT","ts":"1751561743109","seqId":52746224831}]}
[2025-07-04 00:55:46] DEBUG: WSOB data bids=5 asks=5
[2025-07-04 00:55:46] DEBUG: WSOB RAW: {"arg":{"channel":"books5","instId":"ETH-USDT"},"data":[{"asks":[["2574.01","10.2885","0","4"],["2574.02","3.616673","0","2"],["2574.04","0.1001","0","2"],["2574.06","3.891","0","3"],["2574.08","3.62651","0","5"]],"bids":[["2574","12.976803","0","7"],["2573.96","0.1","0","1"],["2573.9","1.092","0","2"],["2573.86","3.22159","0","1"],["2573.85","3.734832","0","1"]],"instId":"ETH-USDT","ts":"1751561743209","seqId":52746224866}]}
[2025-07-04 00:55:46] DEBUG: WSOB data bids=5 asks=5
[2025-07-04 00:55:46] DEBUG: WS1S RAW: {"arg":{"channel":"trades","instId":"ETH-USDT"},"data":[{"instId":"ETH-USDT","tradeId":"613516068","px":"2574.01","sz":"0.563117","side":"buy","ts":"1751561743340","count":"1"}]}
[2025-07-04 00:55:46] DEBUG: WSOB RAW: {"arg":{"channel":"books5","instId":"ETH-USDT"},"data":[{"asks":[["2574.01","5.404883","0","3"],["2574.02","3.616673","0","2"],["2574.04","0.1001","0","2"],["2574.06","3.891","0","3"],["2574.08","3.62651","0","5"]],"bids":[["2574","12.976803","0","7"],["2573.96","0.1","0","1"],["2573.9","1.092","0","2"],["2573.86","3.22159","0","1"],["2573.85","3.734832","0","1"]],"instId":"ETH-USDT","ts":"1751561743409","seqId":52746224908}]}
[2025-07-04 00:55:46] DEBUG: WSOB data bids=5 asks=5
[2025-07-04 00:55:46] DEBUG: WSOB RAW: {"arg":{"channel":"books5","instId":"ETH-USDT"},"data":[{"asks":[["2574.04","2.2281","0","3"],["2574.06","3.891","0","3"],["2574.08","3.62651","0","5"],["2574.09","3.5","0","1"],["2574.1","0.992","0","1"]],"bids":[["2574.03","18.423766","0","13"],["2574.02","0.65526","0","1"],["2574","0.9922","0","2"],["2573.96","0.1","0","1"],["2573.9","1.092","0","2"]],"instId":"ETH-USDT","ts":"1751561743509","seqId":52746225023}]}
[2025-07-04 00:55:46] DEBUG: WSOB data bids=5 asks=5
[2025-07-04 00:55:46] DEBUG: WSOB RAW: {"arg":{"channel":"books5","instId":"ETH-USDT"},"data":[{"asks":[["2574.04","2.2281","0","3"],["2574.06","3.891","0","3"],["2574.08","3.62651","0","5"],["2574.09","3.5","0","1"],["2574.12","0.003692","0","1"]],"bids":[["2574.03","18.423766","0","13"],["2574.02","0.65526","0","1"],["2574","0.9922","0","2"],["2573.96","0.1","0","1"],["2573.9","1.092","0","2"]],"instId":"ETH-USDT","ts":"1751561743609","seqId":52746225039}]}
[2025-07-04 00:55:46] DEBUG: WSOB data bids=5 asks=5
[2025-07-04 00:55:47] DEBUG: WSOB RAW: {"arg":{"channel":"books5","instId":"ETH-USDT"},"data":[{"asks":[["2574.06","3.891","0","3"],["2574.08","3.626118","0","4"],["2574.09","3.5","0","1"],["2574.12","0.003692","0","1"],["2574.2","0.9958","0","2"]],"bids":[["2574.05","23.578219","0","12"],["2574.04","1.040009","0","2"],["2574","0.9922","0","2"],["2573.96","0.1","0","1"],["2573.9","1.092","0","2"]],"instId":"ETH-USDT","ts":"1751561743709","seqId":52746225151}]}
[2025-07-04 00:55:47] DEBUG: WSOB data bids=5 asks=5
[2025-07-04 00:55:47] DEBUG: WSOB RAW: {"arg":{"channel":"books5","instId":"ETH-USDT"},"data":[{"asks":[["2574.06","0.391","0","2"],["2574.08","0.126118","0","3"],["2574.12","0.003692","0","1"],["2574.2","0.9958","0","2"],["2574.23","0.045845","0","2"]],"bids":[["2574.05","24.464219","0","13"],["2574.04","1.040009","0","2"],["2574","0.9922","0","2"],["2573.96","0.1","0","1"],["2573.9","1.092","0","2"]],"instId":"ETH-USDT","ts":"1751561743809","seqId":52746225181}]}
[2025-07-04 00:55:47] DEBUG: WSOB data bids=5 asks=5
[2025-07-04 00:55:47] DEBUG: WSOB RAW: {"arg":{"channel":"books5","instId":"ETH-USDT"},"data":[{"asks":[["2574.06","0.391","0","2"],["2574.08","0.126118","0","3"],["2574.12","0.003692","0","1"],["2574.2","0.9958","0","2"],["2574.23","0.045845","0","2"]],"bids":[["2574.05","24.464219","0","13"],["2574.04","1.040009","0","2"],["2574","0.9922","0","2"],["2573.9","0.992","0","1"],["2573.86","3.22159","0","1"]],"instId":"ETH-USDT","ts":"1751561743909","seqId":52746225222}]}
[2025-07-04 00:55:47] DEBUG: WSOB data bids=5 asks=5
[2025-07-04 00:55:47] DEBUG: WSOB RAW: {"arg":{"channel":"books5","instId":"ETH-USDT"},"data":[{"asks":[["2574.06","0.391","0","2"],["2574.08","0.101118","0","2"],["2574.12","0.003692","0","1"],["2574.2","0.0038","0","1"],["2574.23","0.005845","0","1"]],"bids":[["2574.05","30.664829","0","14"],["2574.04","1.040009","0","2"],["2574","0.9922","0","2"],["2573.9","0.992","0","1"],["2573.87","0.184605","0","1"]],"instId":"ETH-USDT","ts":"1751561744009","seqId":52746225317}]}
[2025-07-04 00:55:47] DEBUG: WSOB data bids=5 asks=5
[2025-07-04 00:55:47] DEBUG: WSOB RAW: {"arg":{"channel":"books5","instId":"ETH-USDT"},"data":[{"asks":[["2574.37","9.074673","0","6"],["2574.38","0.15","0","1"],["2574.4","0.992","0","1"],["2574.41","0.004352","0","1"],["2574.46","0.000734","0","1"]],"bids":[["2574.36","25.193585","0","12"],["2574.3","0.992","0","1"],["2574.22","3.5","0","1"],["2574.2","4.492","0","2"],["2574.13","3.734832","0","1"]],"instId":"ETH-USDT","ts":"1751561744109","seqId":52746226076}]}
[2025-07-04 00:55:47] DEBUG: WSOB data bids=5 asks=5
[2025-07-04 00:55:47] DEBUG: WSOB RAW: {"arg":{"channel":"books5","instId":"ETH-USDT"},"data":[{"asks":[["2574.37","7.512673","0","6"],["2574.38","0.15","0","1"],["2574.4","0.992","0","1"],["2574.41","0.004352","0","1"],["2574.46","0.000734","0","1"]],"bids":[["2574.36","19.594659","0","10"],["2574.3","1.092","0","2"],["2574.23","4.66805","0","2"],["2574.22","3.5","0","1"],["2574.2","4.492","0","2"]],"instId":"ETH-USDT","ts":"1751561744209","seqId":52746226199}]}
[2025-07-04 00:55:47] DEBUG: WSOB data bids=5 asks=5
[2025-07-04 00:55:47] DEBUG: WSOB RAW: {"arg":{"channel":"books5","instId":"ETH-USDT"},"data":[{"asks":[["2574.37","11.202673","0","7"],["2574.38","0.15","0","1"],["2574.4","0.992","0","1"],["2574.41","0.004352","0","1"],["2574.46","0.000734","0","1"]],"bids":[["2574.36","19.594659","0","10"],["2574.31","0.1","0","1"],["2574.3","1.092","0","2"],["2574.23","4.66805","0","2"],["2574.22","3.5","0","1"]],"instId":"ETH-USDT","ts":"1751561744309","seqId":52746226288}]}
[2025-07-04 00:55:47] DEBUG: WSOB data bids=5 asks=5
[2025-07-04 00:55:47] DEBUG: WSOB RAW: {"arg":{"channel":"books5","instId":"ETH-USDT"},"data":[{"asks":[["2574.37","7.512673","0","6"],["2574.38","0.15","0","1"],["2574.4","0.992","0","1"],["2574.41","0.004352","0","1"],["2574.46","0.000734","0","1"]],"bids":[["2574.36","25.795269","0","11"],["2574.31","0.1","0","1"],["2574.3","0.992","0","1"],["2574.23","4.66805","0","2"],["2574.22","3.5","0","1"]],"instId":"ETH-USDT","ts":"1751561744409","seqId":52746226367}]}
[2025-07-04 00:55:47] DEBUG: WSOB data bids=5 asks=5
[2025-07-04 00:55:47] DEBUG: WSOB RAW: {"arg":{"channel":"books5","instId":"ETH-USDT"},"data":[{"asks":[["2574.37","7.233673","0","5"],["2574.38","0.15","0","1"],["2574.4","0.992","0","1"],["2574.41","0.004352","0","1"],["2574.46","0.000734","0","1"]],"bids":[["2574.36","25.795269","0","11"],["2574.32","0.1","0","1"],["2574.31","0.1","0","1"],["2574.3","0.992","0","1"],["2574.23","4.66805","0","2"]],"instId":"ETH-USDT","ts":"1751561744509","seqId":52746226430}]}
[2025-07-04 00:55:47] DEBUG: WSOB data bids=5 asks=5
[2025-07-04 00:55:47] DEBUG: WSOB RAW: {"arg":{"channel":"books5","instId":"ETH-USDT"},"data":[{"asks":[["2574.37","7.233673","0","5"],["2574.38","0.15","0","1"],["2574.4","0.992","0","1"],["2574.41","0.004352","0","1"],["2574.46","0.000734","0","1"]],"bids":[["2574.36","19.594659","0","10"],["2574.33","0.232261","0","1"],["2574.32","0.1","0","1"],["2574.31","0.1","0","1"],["2574.3","0.992","0","1"]],"instId":"ETH-USDT","ts":"1751561744609","seqId":52746226479}]}
[2025-07-04 00:55:47] DEBUG: WSOB data bids=5 asks=5
[2025-07-04 00:55:47] DEBUG: WSOB RAW: {"arg":{"channel":"books5","instId":"ETH-USDT"},"data":[{"asks":[["2574.37","12.850173","0","9"],["2574.38","3.65","0","2"],["2574.4","0.992","0","1"],["2574.41","0.004352","0","1"],["2574.46","0.000734","0","1"]],"bids":[["2574.36","0.1108","0","2"],["2574.32","0.1","0","1"],["2574.31","0.1","0","1"],["2574.3","0.992","0","1"],["2574.23","4.66805","0","2"]],"instId":"ETH-USDT","ts":"1751561744709","seqId":52746226542}]}
[2025-07-04 00:55:47] DEBUG: WSOB data bids=5 asks=5
[2025-07-04 00:55:47] DEBUG: WSOB RAW: {"arg":{"channel":"books5","instId":"ETH-USDT"},"data":[{"asks":[["2574.36","1.372","0","1"],["2574.37","2.21879","0","3"],["2574.38","3.65","0","2"],["2574.4","4.492","0","2"],["2574.41","0.004352","0","1"]],"bids":[["2574.35","1.437709","0","6"],["2574.31","0.562943","0","2"],["2574.3","11.864436","0","6"],["2574.23","0.1","0","1"],["2574.2","0.992","0","1"]],"instId":"ETH-USDT","ts":"1751561744809","seqId":52746226787}]}
[2025-07-04 00:55:47] DEBUG: WSOB data bids=5 asks=5
[2025-07-04 00:55:48] DEBUG: WSOB RAW: {"arg":{"channel":"books5","instId":"ETH-USDT"},"data":[{"asks":[["2574.37","2.21879","0","3"],["2574.38","0.15","0","1"],["2574.4","4.492","0","2"],["2574.41","0.004352","0","1"],["2574.46","0.000734","0","1"]],"bids":[["2574.36","26.815923","0","14"],["2574.35","0.427506","0","1"],["2574.32","0.1","0","1"],["2574.3","0.992","0","1"],["2574.26","0.1","0","1"]],"instId":"ETH-USDT","ts":"1751561744909","seqId":52746226991}]}
[2025-07-04 00:55:48] DEBUG: WSOB data bids=5 asks=5
[2025-07-04 00:55:48] DEBUG: WSOB RAW: {"arg":{"channel":"books5","instId":"ETH-USDT"},"data":[{"asks":[["2574.37","2.21879","0","3"],["2574.38","0.15","0","1"],["2574.4","3.5","0","1"],["2574.41","0.004352","0","1"],["2574.46","0.000734","0","1"]],"bids":[["2574.36","26.915923","0","15"],["2574.35","0.527506","0","2"],["2574.32","0.1","0","1"],["2574.3","0.992","0","1"],["2574.26","0.1","0","1"]],"instId":"ETH-USDT","ts":"1751561745009","seqId":52746227016}]}
[2025-07-04 00:55:48] DEBUG: WSOB data bids=5 asks=5
[2025-07-04 00:55:48] DEBUG: WSOB RAW: {"arg":{"channel":"books5","instId":"ETH-USDT"},"data":[{"asks":[["2574.37","7.719073","0","7"],["2574.38","0.15","0","1"],["2574.4","4.492","0","2"],["2574.41","0.004352","0","1"],["2574.46","0.000734","0","1"]],"bids":[["2574.36","19.913694","0","14"],["2574.35","0.527506","0","2"],["2574.3","0.992","0","1"],["2574.26","0.1","0","1"],["2574.2","0.992","0","1"]],"instId":"ETH-USDT","ts":"1751561745109","seqId":52746227054}]}
[2025-07-04 00:55:48] DEBUG: WSOB data bids=5 asks=5
[2025-07-04 00:55:48] DEBUG: WSOB RAW: {"arg":{"channel":"books5","instId":"ETH-USDT"},"data":[{"asks":[["2574.37","12.590573","0","9"],["2574.4","4.492","0","2"],["2574.41","3.504352","0","2"],["2574.46","0.000734","0","1"],["2574.48","3.560393","0","3"]],"bids":[["2574.36","0.85835","0","2"],["2574.28","0.1","0","1"],["2574.26","0.1","0","1"],["2574.2","0.992","0","1"],["2574.17","0.0038","0","1"]],"instId":"ETH-USDT","ts":"1751561745209","seqId":52746227128}]}
[2025-07-04 00:55:48] DEBUG: WSOB data bids=5 asks=5
[2025-07-04 00:55:48] DEBUG: WSOB RAW: {"arg":{"channel":"books5","instId":"ETH-USDT"},"data":[{"asks":[["2574.21","9.733049","0","7"],["2574.3","3.736","0","2"],["2574.36","2.306194","0","2"],["2574.37","6.91119","0","6"],["2574.39","1.665984","0","1"]],"bids":[["2574.2","13.496436","0","5"],["2574.17","0.1","0","1"],["2574.15","0.1","0","1"],["2574.11","0.6264","0","1"],["2574.1","0.992","0","1"]],"instId":"ETH-USDT","ts":"1751561745309","seqId":52746227279}]}
[2025-07-04 00:55:48] DEBUG: WSOB data bids=5 asks=5
[2025-07-04 00:55:48] DEBUG: WSOB RAW: {"arg":{"channel":"books5","instId":"ETH-USDT"},"data":[{"asks":[["2574.21","11.323049","0","8"],["2574.3","3.736","0","2"],["2574.36","2.306194","0","2"],["2574.37","6.91119","0","6"],["2574.39","1.665984","0","1"]],"bids":[["2574.2","5.648","0","3"],["2574.17","0.1","0","1"],["2574.15","0.1","0","1"],["2574.11","0.6264","0","1"],["2574.1","0.992","0","1"]],"instId":"ETH-USDT","ts":"1751561745409","seqId":52746227309}]}
[2025-07-04 00:55:48] DEBUG: WSOB data bids=5 asks=5
[2025-07-04 00:55:48] DEBUG: WSOB RAW: {"arg":{"channel":"books5","instId":"ETH-USDT"},"data":[{"asks":[["2574.21","15.013049","0","9"],["2574.3","3.736","0","2"],["2574.36","2.306194","0","2"],["2574.37","3.22119","0","5"],["2574.39","1.665984","0","1"]],"bids":[["2574.2","7.987553","0","4"],["2574.17","0.1","0","1"],["2574.11","0.6264","0","1"],["2574.1","0.992","0","1"],["2574.05","0.1","0","1"]],"instId":"ETH-USDT","ts":"1751561745509","seqId":52746227332}]}
[2025-07-04 00:55:48] DEBUG: WSOB data bids=5 asks=5
[2025-07-04 00:55:48] DEBUG: WSOB RAW: {"arg":{"channel":"books5","instId":"ETH-USDT"},"data":[{"asks":[["2574.21","9.733049","0","7"],["2574.3","4.506744","0","3"],["2574.36","2.306194","0","2"],["2574.37","3.22119","0","5"],["2574.39","1.665984","0","1"]],"bids":[["2574.2","8.241553","0","5"],["2574.17","0.1","0","1"],["2574.11","1.751129","0","2"],["2574.1","0.992","0","1"],["2574.07","0.349596","0","1"]],"instId":"ETH-USDT","ts":"1751561745609","seqId":52746227386}]}
[2025-07-04 00:55:48] DEBUG: WSOB data bids=5 asks=5
[2025-07-04 00:55:48] DEBUG: WSOB RAW: {"arg":{"channel":"books5","instId":"ETH-USDT"},"data":[{"asks":[["2574.21","11.323049","0","8"],["2574.3","3.736","0","2"],["2574.36","2.306194","0","2"],["2574.37","3.22119","0","5"],["2574.39","1.665984","0","1"]],"bids":[["2574.2","3.066","0","1"],["2574.17","0.1","0","1"],["2574.11","1.751129","0","2"],["2574.1","0.992","0","1"],["2574.09","0.1","0","1"]],"instId":"ETH-USDT","ts":"1751561745709","seqId":52746227434}]}
[2025-07-04 00:55:48] DEBUG: WSOB data bids=5 asks=5
[2025-07-04 00:55:48] DEBUG: WSOB RAW: {"arg":{"channel":"books5","instId":"ETH-USDT"},"data":[{"asks":[["2574.21","15.013049","0","9"],["2574.3","3.736","0","2"],["2574.36","2.306194","0","2"],["2574.37","3.22119","0","5"],["2574.39","1.665984","0","1"]],"bids":[["2574.2","3.066","0","1"],["2574.11","1.751129","0","2"],["2574.1","1.092","0","2"],["2574.09","0.1","0","1"],["2574.07","0.349596","0","1"]],"instId":"ETH-USDT","ts":"1751561745809","seqId":52746227484}]}
[2025-07-04 00:55:48] DEBUG: WSOB data bids=5 asks=5
[2025-07-04 00:55:49] DEBUG: WSOB RAW: {"arg":{"channel":"books5","instId":"ETH-USDT"},"data":[{"asks":[["2574.21","8.548049","0","7"],["2574.3","3.736","0","2"],["2574.36","2.306194","0","2"],["2574.37","3.22119","0","5"],["2574.39","1.665984","0","1"]],"bids":[["2574.2","10.875436","0","6"],["2574.11","1.751129","0","2"],["2574.1","1.092","0","2"],["2574.09","0.1","0","1"],["2574.07","0.349596","0","1"]],"instId":"ETH-USDT","ts":"1751561745909","seqId":52746227507}]}
[2025-07-04 00:55:49] DEBUG: WSOB data bids=5 asks=5
[2025-07-04 00:55:49] DEBUG: WSOB RAW: {"arg":{"channel":"books5","instId":"ETH-USDT"},"data":[{"asks":[["2574.21","12.238049","0","8"],["2574.3","3.736","0","2"],["2574.36","2.306194","0","2"],["2574.37","3.10479","0","4"],["2574.39","1.665984","0","1"]],"bids":[["2574.2","8.571436","0","4"],["2574.17","0.1","0","1"],["2574.11","1.851129","0","3"],["2574.1","1.092","0","2"],["2574.07","0.349596","0","1"]],"instId":"ETH-USDT","ts":"1751561746009","seqId":52746227532}]}
[2025-07-04 00:55:49] DEBUG: WSOB data bids=5 asks=5
[2025-07-04 00:55:49] DEBUG: WSOB RAW: {"arg":{"channel":"books5","instId":"ETH-USDT"},"data":[{"asks":[["2574.21","12.238049","0","8"],["2574.3","3.736","0","2"],["2574.32","3.59","0","3"],["2574.36","2.306194","0","2"],["2574.37","3.10479","0","4"]],"bids":[["2574.2","8.571436","0","4"],["2574.17","0.1","0","1"],["2574.11","1.851129","0","3"],["2574.1","0.992","0","1"],["2574.07","0.349596","0","1"]],"instId":"ETH-USDT","ts":"1751561746109","seqId":52746227553}]}
[2025-07-04 00:55:49] DEBUG: WSOB data bids=5 asks=5
[2025-07-04 00:55:49] DEBUG: WSOB RAW: {"arg":{"channel":"books5","instId":"ETH-USDT"},"data":[{"asks":[["2574.18","30.588535","0","13"],["2574.2","4.670194","0","3"],["2574.21","2.128","0","1"],["2574.29","3.622295","0","2"],["2574.3","3.736","0","2"]],"bids":[["2574.17","3.166","0","2"],["2574.11","1.851129","0","3"],["2574.1","0.992","0","1"],["2574.07","0.349596","0","1"],["2574.04","3.6605","0","1"]],"instId":"ETH-USDT","ts":"1751561746209","seqId":52746227709}]}
[2025-07-04 00:55:49] DEBUG: WSOB data bids=5 asks=5
[2025-07-04 00:55:49] DEBUG: WSOB RAW: {"arg":{"channel":"books5","instId":"ETH-USDT"},"data":[{"asks":[["2574.18","30.588535","0","13"],["2574.2","4.670194","0","3"],["2574.21","2.128","0","1"],["2574.29","3.849359","0","3"],["2574.3","3.736","0","2"]],"bids":[["2574.17","3.066","0","1"],["2574.11","1.851129","0","3"],["2574.1","0.992","0","1"],["2574.07","0.349596","0","1"],["2574.04","3.6605","0","1"]],"instId":"ETH-USDT","ts":"1751561746309","seqId":52746227718}]}
[2025-07-04 00:55:49] DEBUG: WSOB data bids=5 asks=5
[2025-07-04 00:55:49] DEBUG: WSOB RAW: {"arg":{"channel":"books5","instId":"ETH-USDT"},"data":[{"asks":[["2574.18","30.588535","0","13"],["2574.2","4.670194","0","3"],["2574.21","2.128","0","1"],["2574.29","3.622295","0","2"],["2574.3","3.736","0","2"]],"bids":[["2574.17","3.066","0","1"],["2574.11","1.851129","0","3"],["2574.1","0.992","0","1"],["2574.07","0.349596","0","1"],["2574.04","3.6605","0","1"]],"instId":"ETH-USDT","ts":"1751561746409","seqId":52746227721}]}
[2025-07-04 00:55:49] DEBUG: WSOB data bids=5 asks=5
[2025-07-04 00:55:49] DEBUG: WSOB RAW: {"arg":{"channel":"books5","instId":"ETH-USDT"},"data":[{"asks":[["2574.18","25.026815","0","10"],["2574.2","4.670194","0","3"],["2574.21","2.128","0","1"],["2574.29","3.622295","0","2"],["2574.3","3.736","0","2"]],"bids":[["2574.17","8.026883","0","4"],["2574.11","1.851129","0","3"],["2574.1","0.992","0","1"],["2574.07","0.349596","0","1"],["2574.04","3.6605","0","1"]],"instId":"ETH-USDT","ts":"1751561746509","seqId":52746227739}]}
[2025-07-04 00:55:49] DEBUG: WSOB data bids=5 asks=5
[2025-07-04 00:55:49] DEBUG: WSOB RAW: {"arg":{"channel":"books5","instId":"ETH-USDT"},"data":[{"asks":[["2574.18","15.270712","0","6"],["2574.2","0.992","0","1"],["2574.29","3.622295","0","2"],["2574.3","3.736","0","2"],["2574.32","0.09","0","2"]],"bids":[["2574.17","8.026883","0","4"],["2574.11","0.1","0","1"],["2574.1","0.992","0","1"],["2574.08","1.561829","0","1"],["2574.07","0.349596","0","1"]],"instId":"ETH-USDT","ts":"1751561746609","seqId":52746227765}]}
[2025-07-04 00:55:49] DEBUG: WSOB data bids=5 asks=5
[2025-07-04 00:55:49] DEBUG: WSOB RAW: {"arg":{"channel":"books5","instId":"ETH-USDT"},"data":[{"asks":[["2574.32","0.09","0","2"],["2574.37","0.09079","0","2"],["2574.4","0.9958","0","2"],["2574.41","0.004352","0","1"],["2574.44","3.69","0","1"]],"bids":[["2574.29","0.2856","0","2"],["2574.19","0.173376","0","1"],["2574.18","0.562943","0","2"],["2574.17","12.524489","0","8"],["2574.11","0.1","0","1"]],"instId":"ETH-USDT","ts":"1751561746709","seqId":52746227887}]}
[2025-07-04 00:55:49] DEBUG: WSOB data bids=5 asks=5
[2025-07-04 00:55:49] DEBUG: WSOB RAW: {"arg":{"channel":"books5","instId":"ETH-USDT"},"data":[{"asks":[["2574.32","0.09","0","2"],["2574.37","0.09079","0","2"],["2574.4","0.992","0","1"],["2574.41","0.004352","0","1"],["2574.44","3.69","0","1"]],"bids":[["2574.31","17.265413","0","13"],["2574.3","2.4596","0","2"],["2574.29","0.1","0","1"],["2574.27","0.1","0","1"],["2574.2","1.092","0","2"]],"instId":"ETH-USDT","ts":"1751561746809","seqId":52746228029}]}
[2025-07-04 00:55:49] DEBUG: WSOB data bids=5 asks=5
[2025-07-04 00:55:50] DEBUG: WSOB RAW: {"arg":{"channel":"books5","instId":"ETH-USDT"},"data":[{"asks":[["2574.32","0.05","0","1"],["2574.37","0.09079","0","2"],["2574.4","0.992","0","1"],["2574.41","0.004352","0","1"],["2574.44","3.69","0","1"]],"bids":[["2574.31","17.465413","0","15"],["2574.3","3.815629","0","3"],["2574.29","0.1","0","1"],["2574.2","1.092","0","2"],["2574.17","3.5","0","1"]],"instId":"ETH-USDT","ts":"1751561746909","seqId":52746228102}]}
[2025-07-04 00:55:50] DEBUG: WSOB data bids=5 asks=5
[2025-07-04 00:55:50] DEBUG: WSOB RAW: {"arg":{"channel":"books5","instId":"ETH-USDT"},"data":[{"asks":[["2574.32","13.162383","0","6"],["2574.37","0.09079","0","2"],["2574.4","0.992","0","1"],["2574.41","0.004352","0","1"],["2574.44","3.69","0","1"]],"bids":[["2574.31","16.170542","0","12"],["2574.3","3.815629","0","3"],["2574.29","0.1","0","1"],["2574.21","0.1","0","1"],["2574.2","0.992","0","1"]],"instId":"ETH-USDT","ts":"1751561747009","seqId":52746228140}]}
[2025-07-04 00:55:50] DEBUG: WSOB data bids=5 asks=5
[2025-07-04 00:55:50] DEBUG: WSOB RAW: {"arg":{"channel":"books5","instId":"ETH-USDT"},"data":[{"asks":[["2574.32","13.112383","0","5"],["2574.37","0.09079","0","2"],["2574.4","0.992","0","1"],["2574.41","0.004352","0","1"],["2574.43","0.06","0","1"]],"bids":[["2574.31","16.774815","0","12"],["2574.3","3.815629","0","3"],["2574.21","0.1","0","1"],["2574.2","0.992","0","1"],["2574.17","3.5","0","1"]],"instId":"ETH-USDT","ts":"1751561747109","seqId":52746228167}]}
[2025-07-04 00:55:50] DEBUG: WSOB data bids=5 asks=5
[2025-07-04 00:55:50] DEBUG: WSOB RAW: {"arg":{"channel":"books5","instId":"ETH-USDT"},"data":[{"asks":[["2574.37","0.09079","0","2"],["2574.41","0.004352","0","1"],["2574.43","0.06","0","1"],["2574.46","0.000734","0","1"],["2574.48","0.000393","0","1"]],"bids":[["2574.36","33.746507","0","16"],["2574.32","0.178194","0","1"],["2574.31","0.1","0","1"],["2574.3","0.992","0","1"],["2574.21","3.370217","0","2"]],"instId":"ETH-USDT","ts":"1751561747209","seqId":52746228339}]}
[2025-07-04 00:55:50] DEBUG: WSOB data bids=5 asks=5
[2025-07-04 00:55:50] DEBUG: WSOB RAW: {"arg":{"channel":"books5","instId":"ETH-USDT"},"data":[{"asks":[["2574.37","0.09079","0","2"],["2574.41","0.004352","0","1"],["2574.46","0.000734","0","1"],["2574.48","0.000393","0","1"],["2574.5","0.992","0","1"]],"bids":[["2574.36","40.247117","0","20"],["2574.32","0.178194","0","1"],["2574.31","0.1","0","1"],["2574.3","0.992","0","1"],["2574.21","3.270217","0","1"]],"instId":"ETH-USDT","ts":"1751561747309","seqId":52746228445}]}
[2025-07-04 00:55:50] DEBUG: WSOB data bids=5 asks=5
[2025-07-04 00:55:50] DEBUG: WSOB RAW: {"arg":{"channel":"books5","instId":"ETH-USDT"},"data":[{"asks":[["2574.37","0.09079","0","2"],["2574.41","0.004352","0","1"],["2574.46","0.000734","0","1"],["2574.48","0.000393","0","1"],["2574.54","0.019161","0","2"]],"bids":[["2574.36","40.247117","0","20"],["2574.33","0.1","0","1"],["2574.32","0.178194","0","1"],["2574.3","0.992","0","1"],["2574.21","3.270217","0","1"]],"instId":"ETH-USDT","ts":"1751561747409","seqId":52746228489}]}
[2025-07-04 00:55:50] DEBUG: WSOB data bids=5 asks=5
[2025-07-04 00:55:50] DEBUG: WSOB RAW: {"arg":{"channel":"books5","instId":"ETH-USDT"},"data":[{"asks":[["2574.37","0.09079","0","2"],["2574.41","0.004352","0","1"],["2574.46","0.000734","0","1"],["2574.48","0.000393","0","1"],["2574.54","0.019161","0","2"]],"bids":[["2574.36","40.247117","0","20"],["2574.33","0.1","0","1"],["2574.32","0.178194","0","1"],["2574.3","0.992","0","1"],["2574.21","5.293089","0","2"]],"instId":"ETH-USDT","ts":"1751561747509","seqId":52746228574}]}
[2025-07-04 00:55:50] DEBUG: WSOB data bids=5 asks=5
[2025-07-04 00:55:50] DEBUG: WSOB RAW: {"arg":{"channel":"books5","instId":"ETH-USDT"},"data":[{"asks":[["2574.62","0.15","0","1"],["2574.64","0.003216","0","1"],["2574.7","0.0001","0","1"],["2574.75","0.001104","0","1"],["2574.76","0.000874","0","1"]],"bids":[["2574.61","35.464914","0","14"],["2574.5","2.41005","0","2"],["2574.45","3.734832","0","1"],["2574.4","0.992","0","1"],["2574.39","2.806043","0","1"]],"instId":"ETH-USDT","ts":"1751561747609","seqId":52746229242}]}
[2025-07-04 00:55:50] DEBUG: WSOB data bids=5 asks=5
[2025-07-04 00:55:50] DEBUG: WSOB RAW: {"arg":{"channel":"books5","instId":"ETH-USDT"},"data":[{"asks":[["2574.62","0.15","0","1"],["2574.64","0.003216","0","1"],["2574.7","0.0001","0","1"],["2574.75","0.001104","0","1"],["2574.76","0.000874","0","1"]],"bids":[["2574.61","35.764914","0","17"],["2574.6","0.992","0","1"],["2574.57","0.1","0","1"],["2574.5","2.41005","0","2"],["2574.45","3.734832","0","1"]],"instId":"ETH-USDT","ts":"1751561747709","seqId":52746229477}]}
[2025-07-04 00:55:50] DEBUG: WSOB data bids=5 asks=5
[2025-07-04 00:55:50] DEBUG: WSOB RAW: {"arg":{"channel":"books5","instId":"ETH-USDT"},"data":[{"asks":[["2574.62","11.060383","0","6"],["2574.64","0.003216","0","1"],["2574.7","0.9921","0","2"],["2574.75","0.001104","0","1"],["2574.76","0.000874","0","1"]],"bids":[["2574.61","18.314081","0","11"],["2574.6","0.992","0","1"],["2574.5","2.41005","0","2"],["2574.46","0.138129","0","1"],["2574.45","3.734832","0","1"]],"instId":"ETH-USDT","ts":"1751561747809","seqId":52746229617}]}
[2025-07-04 00:55:50] DEBUG: WSOB data bids=5 asks=5
[2025-07-04 00:55:51] DEBUG: WSOB RAW: {"arg":{"channel":"books5","instId":"ETH-USDT"},"data":[{"asks":[["2574.62","11.176783","0","7"],["2574.64","0.003216","0","1"],["2574.7","0.9921","0","2"],["2574.75","0.001104","0","1"],["2574.76","0.000874","0","1"]],"bids":[["2574.61","10.79201","0","3"],["2574.6","0.992","0","1"],["2574.54","0.1","0","1"],["2574.5","0.992","0","1"],["2574.47","0.1","0","1"]],"instId":"ETH-USDT","ts":"1751561747909","seqId":52746229766}]}
[2025-07-04 00:55:51] DEBUG: WSOB data bids=5 asks=5
[2025-07-04 00:55:51] DEBUG: WSOB RAW: {"arg":{"channel":"books5","instId":"ETH-USDT"},"data":[{"asks":[["2574.62","20.570088","0","11"],["2574.64","3.503216","0","2"],["2574.7","4.4921","0","3"],["2574.75","0.001104","0","1"],["2574.76","0.000874","0","1"]],"bids":[["2574.61","0.1","0","1"],["2574.54","0.1","0","1"],["2574.47","0.1","0","1"],["2574.41","0.1","0","1"],["2574.4","0.992","0","1"]],"instId":"ETH-USDT","ts":"1751561748009","seqId":52746229848}]}
[2025-07-04 00:55:51] DEBUG: WSOB data bids=5 asks=5
[2025-07-04 00:55:51] DEBUG: WSOB RAW: {"arg":{"channel":"books5","instId":"ETH-USDT"},"data":[{"asks":[["2574.48","6.049298","0","8"],["2574.5","3.736","0","2"],["2574.6","4.492","0","2"],["2574.61","2.306194","0","2"],["2574.62","6.922465","0","5"]],"bids":[["2574.47","9.777436","0","5"],["2574.41","0.1","0","1"],["2574.4","0.992","0","1"],["2574.3","1.092","0","2"],["2574.28","0.0038","0","1"]],"instId":"ETH-USDT","ts":"1751561748109","seqId":52746230061}]}
[2025-07-04 00:55:51] DEBUG: WSOB data bids=5 asks=5
[2025-07-04 00:55:51] DEBUG: WSOB RAW: {"arg":{"channel":"books5","instId":"ETH-USDT"},"data":[{"asks":[["2574.48","3.921298","0","7"],["2574.5","3.736","0","2"],["2574.6","4.492","0","2"],["2574.61","2.306194","0","2"],["2574.62","6.922465","0","5"]],"bids":[["2574.47","9.777436","0","5"],["2574.41","0.1","0","1"],["2574.4","0.992","0","1"],["2574.3","1.092","0","2"],["2574.28","0.0038","0","1"]],"instId":"ETH-USDT","ts":"1751561748209","seqId":52746230093}]}
[2025-07-04 00:55:51] DEBUG: WSOB data bids=5 asks=5
[2025-07-04 00:55:51] DEBUG: WSOB RAW: {"arg":{"channel":"books5","instId":"ETH-USDT"},"data":[{"asks":[["2574.48","15.154181","0","12"],["2574.5","3.736","0","2"],["2574.6","4.492","0","2"],["2574.61","2.306194","0","2"],["2574.62","6.922465","0","5"]],"bids":[["2574.47","5.644553","0","3"],["2574.41","0.1","0","1"],["2574.4","0.992","0","1"],["2574.3","1.092","0","2"],["2574.28","0.0038","0","1"]],"instId":"ETH-USDT","ts":"1751561748309","seqId":52746230148}]}
[2025-07-04 00:55:51] DEBUG: WSOB data bids=5 asks=5
[2025-07-04 00:55:51] DEBUG: WSOB RAW: {"arg":{"channel":"books5","instId":"ETH-USDT"},"data":[{"asks":[["2574.48","15.154181","0","12"],["2574.5","3.736","0","2"],["2574.6","4.492","0","2"],["2574.61","2.306194","0","2"],["2574.62","6.922465","0","5"]],"bids":[["2574.47","5.544553","0","2"],["2574.41","0.1","0","1"],["2574.4","0.992","0","1"],["2574.31","0.1","0","1"],["2574.3","1.092","0","2"]],"instId":"ETH-USDT","ts":"1751561748409","seqId":52746230173}]}
[2025-07-04 00:55:51] DEBUG: WSOB data bids=5 asks=5
[2025-07-04 00:55:52] DEBUG: WSOB RAW: {"arg":{"channel":"books5","instId":"ETH-USDT"},"data":[{"asks":[["2574.48","15.154181","0","12"],["2574.5","3.736","0","2"],["2574.6","4.492","0","2"],["2574.61","2.306194","0","2"],["2574.62","6.922465","0","5"]],"bids":[["2574.47","3.954553","0","1"],["2574.41","0.1","0","1"],["2574.4","0.992","0","1"],["2574.31","0.1","0","1"],["2574.3","1.092","0","2"]],"instId":"ETH-USDT","ts":"1751561748509","seqId":52746230189}]}
[2025-07-04 00:55:52] DEBUG: WSOB data bids=5 asks=5
[2025-07-04 00:55:52] DEBUG: WSOB RAW: {"arg":{"channel":"books5","instId":"ETH-USDT"},"data":[{"asks":[["2574.42","14.752683","0","7"],["2574.47","2.306194","0","2"],["2574.48","2.128","0","1"],["2574.5","3.736","0","2"],["2574.6","4.492","0","2"]],"bids":[["2574.41","8.711232","0","6"],["2574.4","0.992","0","1"],["2574.31","0.1","0","1"],["2574.3","0.992","0","1"],["2574.28","0.0038","0","1"]],"instId":"ETH-USDT","ts":"1751561748609","seqId":52746230279}]}
[2025-07-04 00:55:52] DEBUG: WSOB data bids=5 asks=5
[2025-07-04 00:55:52] DEBUG: WSOB RAW: {"arg":{"channel":"books5","instId":"ETH-USDT"},"data":[{"asks":[["2574.42","16.342683","0","8"],["2574.47","2.306194","0","2"],["2574.48","2.128","0","1"],["2574.5","3.74","0","3"],["2574.59","2.840363","0","1"]],"bids":[["2574.41","3.166","0","2"],["2574.31","0.1","0","1"],["2574.3","0.992","0","1"],["2574.28","0.0038","0","1"],["2574.27","0.138129","0","1"]],"instId":"ETH-USDT","ts":"1751561748709","seqId":52746230326}]}
[2025-07-04 00:55:52] DEBUG: WSOB data bids=5 asks=5
[2025-07-04 00:55:52] DEBUG: WSOB RAW: {"arg":{"channel":"books5","instId":"ETH-USDT"},"data":[{"asks":[["2574.32","20.697985","0","10"],["2574.4","4.492","0","2"],["2574.41","2.128","0","1"],["2574.42","2.128","0","1"],["2574.47","2.306194","0","2"]],"bids":[["2574.31","3.166","0","2"],["2574.3","0.992","0","1"],["2574.26","0.57002","0","1"],["2574.24","0.2","0","2"],["2574.21","0.349537","0","1"]],"instId":"ETH-USDT","ts":"1751561748809","seqId":52746230538}]}
[2025-07-04 00:55:52] DEBUG: WSOB data bids=5 asks=5
[2025-07-04 00:55:52] DEBUG: WSOB RAW: {"arg":{"channel":"books5","instId":"ETH-USDT"},"data":[{"asks":[["2574.32","20.697985","0","10"],["2574.39","0.025","0","1"],["2574.4","4.492","0","2"],["2574.41","2.128","0","1"],["2574.42","2.128","0","1"]],"bids":[["2574.31","3.066","0","1"],["2574.3","0.992","0","1"],["2574.26","0.57002","0","1"],["2574.24","0.1","0","1"],["2574.21","0.349537","0","1"]],"instId":"ETH-USDT","ts":"1751561748909","seqId":52746230601}]}
[2025-07-04 00:55:52] DEBUG: WSOB data bids=5 asks=5
[2025-07-04 00:55:52] DEBUG: WSOB RAW: {"arg":{"channel":"books5","instId":"ETH-USDT"},"data":[{"asks":[["2574.25","1.1003","0","2"],["2574.27","14.522249","0","7"],["2574.3","0.992","0","1"],["2574.31","2.422584","0","3"],["2574.32","2.128","0","1"]],"bids":[["2574.24","0.1","0","1"],["2574.22","0.432461","0","1"],["2574.21","0.349537","0","1"],["2574.17","0.1","0","1"],["2574.13","2.753655","0","2"]],"instId":"ETH-USDT","ts":"1751561749009","seqId":52746230777}]}
[2025-07-04 00:55:52] DEBUG: WSOB data bids=5 asks=5
[2025-07-04 00:55:52] DEBUG: WSOB RAW: {"arg":{"channel":"books5","instId":"ETH-USDT"},"data":[{"asks":[["2574.22","18.43449","0","10"],["2574.23","7.285677","0","3"],["2574.24","4.062943","0","3"],["2574.25","4.81982","0","2"],["2574.27","2.128","0","1"]],"bids":[["2574.21","3.415537","0","2"],["2574.17","0.1","0","1"],["2574.1","0.992","0","1"],["2574.09","0.000392","0","1"],["2574.08","0.1","0","1"]],"instId":"ETH-USDT","ts":"1751561749109","seqId":52746231164}]}
[2025-07-04 00:55:52] DEBUG: WSOB data bids=5 asks=5
[2025-07-04 00:55:52] DEBUG: WSOB RAW: {"arg":{"channel":"books5","instId":"ETH-USDT"},"data":[{"asks":[["2574.22","23.43001","0","11"],["2574.23","7.285677","0","3"],["2574.24","4.062943","0","3"],["2574.25","4.81982","0","2"],["2574.27","2.128","0","1"]],"bids":[["2574.21","0.349537","0","1"],["2574.09","0.000392","0","1"],["2574.08","0.1","0","1"],["2574.07","0.349596","0","1"],["2574.05","0.0038","0","1"]],"instId":"ETH-USDT","ts":"1751561749209","seqId":52746231334}]}
[2025-07-04 00:55:52] DEBUG: WSOB data bids=5 asks=5
[2025-07-04 00:55:52] DEBUG: WSOB RAW: {"arg":{"channel":"books5","instId":"ETH-USDT"},"data":[{"asks":[["2574.05","26.836847","0","15"],["2574.07","5.475198","0","3"],["2574.1","5.990014","0","4"],["2574.19","6.56055","0","2"],["2574.2","4.297009","0","2"]],"bids":[["2574.04","0.828124","0","1"],["2574.01","0.1","0","1"],["2574","0.0002","0","1"],["2573.92","0.2","0","2"],["2573.9","0.09069","0","1"]],"instId":"ETH-USDT","ts":"1751561749309","seqId":52746231897}]}
[2025-07-04 00:55:52] DEBUG: WSOB data bids=5 asks=5
[2025-07-04 00:55:52] DEBUG: WSOB RAW: {"arg":{"channel":"books5","instId":"ETH-USDT"},"data":[{"asks":[["2573.91","19.139134","0","9"],["2573.98","5.910574","0","2"],["2573.99","4.386","0","2"],["2574","9.352703","0","5"],["2574.01","9.88182","0","3"]],"bids":[["2573.9","1.08269","0","2"],["2573.88","0.82831","0","1"],["2573.81","0.1","0","1"],["2573.8","0.992","0","1"],["2573.79","0.1","0","1"]],"instId":"ETH-USDT","ts":"1751561749409","seqId":52746232190}]}
[2025-07-04 00:55:52] DEBUG: WSOB data bids=5 asks=5
[2025-07-04 00:55:52] DEBUG: WSOB RAW: {"arg":{"channel":"books5","instId":"ETH-USDT"},"data":[{"asks":[["2573.91","19.139134","0","9"],["2573.98","5.910574","0","2"],["2573.99","4.386","0","2"],["2574","9.352703","0","5"],["2574.01","9.88182","0","3"]],"bids":[["2573.9","1.08269","0","2"],["2573.88","0.82831","0","1"],["2573.8","0.992","0","1"],["2573.79","0.1","0","1"],["2573.74","1.716686","0","2"]],"instId":"ETH-USDT","ts":"1751561749509","seqId":52746232226}]}
[2025-07-04 00:55:52] DEBUG: WSOB data bids=5 asks=5
[2025-07-04 00:55:52] DEBUG: WSOB RAW: {"arg":{"channel":"books5","instId":"ETH-USDT"},"data":[{"asks":[["2573.91","20.025134","0","10"],["2573.98","4.013251","0","2"],["2573.99","3.5","0","1"],["2574","7.985126","0","5"],["2574.01","9.88182","0","3"]],"bids":[["2573.9","0.918814","0","2"],["2573.88","0.82831","0","1"],["2573.8","0.992","0","1"],["2573.79","0.1","0","1"],["2573.74","0.589528","0","1"]],"instId":"ETH-USDT","ts":"1751561749609","seqId":52746232289}]}
[2025-07-04 00:55:52] DEBUG: WSOB data bids=5 asks=5
[2025-07-04 00:55:52] DEBUG: WSOB RAW: {"arg":{"channel":"books5","instId":"ETH-USDT"},"data":[{"asks":[["2573.91","20.025134","0","10"],["2573.98","2.838963","0","2"],["2573.99","3.5","0","1"],["2574","7.985126","0","5"],["2574.01","9.88182","0","3"]],"bids":[["2573.9","0.918814","0","2"],["2573.88","0.82831","0","1"],["2573.8","0.992","0","1"],["2573.74","1.677859","0","2"],["2573.73","0.0001","0","1"]],"instId":"ETH-USDT","ts":"1751561749709","seqId":52746232349}]}
[2025-07-04 00:55:52] DEBUG: WSOB data bids=5 asks=5
[2025-07-04 00:55:52] DEBUG: WSOB RAW: {"arg":{"channel":"books5","instId":"ETH-USDT"},"data":[{"asks":[["2573.91","7.2143","0","6"],["2573.98","2.838963","0","2"],["2573.99","3.5","0","1"],["2574","6.404951","0","5"],["2574.01","7.19","0","2"]],"bids":[["2573.9","7.109364","0","6"],["2573.88","0.82831","0","1"],["2573.8","0.992","0","1"],["2573.74","1.677859","0","2"],["2573.73","0.1001","0","2"]],"instId":"ETH-USDT","ts":"1751561749809","seqId":52746232405}]}
[2025-07-04 00:55:52] DEBUG: WSOB data bids=5 asks=5
[2025-07-04 00:55:53] DEBUG: WSOB RAW: {"arg":{"channel":"books5","instId":"ETH-USDT"},"data":[{"asks":[["2573.91","14.428183","0","9"],["2573.97","2.2444","0","2"],["2573.98","2.838963","0","2"],["2573.99","3.5","0","1"],["2574","3.914294","0","4"]],"bids":[["2573.9","0.918814","0","2"],["2573.88","0.82831","0","1"],["2573.84","0.1","0","1"],["2573.8","0.992","0","1"],["2573.77","0.1","0","1"]],"instId":"ETH-USDT","ts":"1751561749909","seqId":52746232464}]}
[2025-07-04 00:55:53] DEBUG: WSOB data bids=5 asks=5
[2025-07-04 00:55:53] DEBUG: WSOB RAW: {"arg":{"channel":"books5","instId":"ETH-USDT"},"data":[{"asks":[["2573.91","15.822933","0","11"],["2573.95","5.088734","0","2"],["2573.96","3.5","0","1"],["2573.97","2.898744","0","2"],["2573.98","2.128","0","1"]],"bids":[["2573.9","0.918814","0","2"],["2573.88","0.82831","0","1"],["2573.77","0.1","0","1"],["2573.73","0.0001","0","1"],["2573.71","0.0038","0","1"]],"instId":"ETH-USDT","ts":"1751561750009","seqId":52746232664}]}
[2025-07-04 00:55:53] DEBUG: WSOB data bids=5 asks=5
[2025-07-04 00:55:53] DEBUG: WSOB RAW: {"arg":{"channel":"books5","instId":"ETH-USDT"},"data":[{"asks":[["2573.74","22.281213","0","10"],["2573.79","4.13035","0","3"],["2573.8","4.492","0","2"],["2573.85","2.744","0","1"],["2573.88","4.099538","0","3"]],"bids":[["2573.73","5.44735","0","2"],["2573.68","0.1","0","1"],["2573.61","0.1","0","1"],["2573.59","0.15","0","1"],["2573.55","0.1","0","1"]],"instId":"ETH-USDT","ts":"1751561750109","seqId":52746233218}]}
[2025-07-04 00:55:53] DEBUG: WSOB data bids=5 asks=5
[2025-07-04 00:55:53] DEBUG: WSOB RAW: {"arg":{"channel":"books5","instId":"ETH-USDT"},"data":[{"asks":[["2573.62","20.588077","0","12"],["2573.7","3.12","0","2"],["2573.71","7.5993","0","2"],["2573.72","2.744","0","1"],["2573.73","0.178194","0","1"]],"bids":[["2573.61","0.1","0","1"],["2573.59","0.15","0","1"],["2573.55","0.1","0","1"],["2573.5","0.992","0","1"],["2573.49","0.000392","0","1"]],"instId":"ETH-USDT","ts":"1751561750209","seqId":52746233511}]}
[2025-07-04 00:55:53] DEBUG: WSOB data bids=5 asks=5
[2025-07-04 00:55:53] DEBUG: WSOB RAW: {"arg":{"channel":"books5","instId":"ETH-USDT"},"data":[{"asks":[["2573.6","15.270485","0","11"],["2573.61","2.128","0","1"],["2573.62","2.306194","0","2"],["2573.7","3.12","0","2"],["2573.71","4.607","0","2"]],"bids":[["2573.59","7.005883","0","3"],["2573.5","0.992","0","1"],["2573.49","0.000392","0","1"],["2573.44","0.01","0","1"],["2573.43","0.09069","0","1"]],"instId":"ETH-USDT","ts":"1751561750309","seqId":52746233686}]}
[2025-07-04 00:55:53] DEBUG: WSOB data bids=5 asks=5
[2025-07-04 00:55:53] DEBUG: WSOB RAW: {"arg":{"channel":"books5","instId":"ETH-USDT"},"data":[{"asks":[["2573.6","15.270485","0","11"],["2573.61","2.128","0","1"],["2573.62","2.306194","0","2"],["2573.7","3.12","0","2"],["2573.71","4.607","0","2"]],"bids":[["2573.59","7.005883","0","3"],["2573.5","1.092","0","2"],["2573.49","0.000392","0","1"],["2573.44","0.01","0","1"],["2573.43","0.19069","0","2"]],"instId":"ETH-USDT","ts":"1751561750409","seqId":52746233725}]}
[2025-07-04 00:55:53] DEBUG: WSOB data bids=5 asks=5
[2025-07-04 00:55:53] DEBUG: WSOB RAW: {"arg":{"channel":"books5","instId":"ETH-USDT"},"data":[{"asks":[["2573.6","16.536105","0","13"],["2573.61","2.128","0","1"],["2573.62","2.306194","0","2"],["2573.68","4.024805","0","1"],["2573.69","6.606018","0","3"]],"bids":[["2573.59","0.15","0","1"],["2573.5","1.092","0","2"],["2573.49","0.000392","0","1"],["2573.43","0.19069","0","2"],["2573.41","0.55831","0","1"]],"instId":"ETH-USDT","ts":"1751561750509","seqId":52746233820}]}
[2025-07-04 00:55:53] DEBUG: WSOB data bids=5 asks=5
[2025-07-04 00:55:53] DEBUG: WSOB RAW: {"arg":{"channel":"books5","instId":"ETH-USDT"},"data":[{"asks":[["2573.6","15.270485","0","11"],["2573.61","2.128","0","1"],["2573.62","2.306194","0","2"],["2573.68","5.9546","0","2"],["2573.69","3.5","0","1"]],"bids":[["2573.59","5.888124","0","5"],["2573.5","0.992","0","1"],["2573.49","0.000392","0","1"],["2573.46","0.828124","0","1"],["2573.43","0.19069","0","2"]],"instId":"ETH-USDT","ts":"1751561750609","seqId":52746233882}]}
[2025-07-04 00:55:53] DEBUG: WSOB data bids=5 asks=5
[2025-07-04 00:55:53] DEBUG: WSOB RAW: {"arg":{"channel":"books5","instId":"ETH-USDT"},"data":[{"asks":[["2573.6","16.156485","0","12"],["2573.61","2.128","0","1"],["2573.62","2.306194","0","2"],["2573.66","6.193703","0","2"],["2573.67","4.297009","0","2"]],"bids":[["2573.59","0.978124","0","2"],["2573.5","0.992","0","1"],["2573.49","0.000392","0","1"],["2573.48","0.1","0","1"],["2573.46","0.828124","0","1"]],"instId":"ETH-USDT","ts":"1751561750709","seqId":52746233999}]}
[2025-07-04 00:55:53] DEBUG: WSOB data bids=5 asks=5
[2025-07-04 00:55:54] DEBUG: WSOB RAW: {"arg":{"channel":"books5","instId":"ETH-USDT"},"data":[{"asks":[["2573.6","16.156485","0","12"],["2573.61","2.128","0","1"],["2573.62","2.306194","0","2"],["2573.66","6.193703","0","2"],["2573.67","4.297009","0","2"]],"bids":[["2573.59","0.978124","0","2"],["2573.5","0.992","0","1"],["2573.49","0.000392","0","1"],["2573.46","0.828124","0","1"],["2573.43","0.19069","0","2"]],"instId":"ETH-USDT","ts":"1751561750809","seqId":52746234041}]}
[2025-07-04 00:55:54] DEBUG: WSOB data bids=5 asks=5
[2025-07-04 00:55:54] DEBUG: WSOB RAW: {"arg":{"channel":"books5","instId":"ETH-USDT"},"data":[{"asks":[["2573.6","15.270485","0","11"],["2573.61","2.128","0","1"],["2573.62","2.306194","0","2"],["2573.66","6.193703","0","2"],["2573.67","2.744","0","1"]],"bids":[["2573.59","0.978124","0","2"],["2573.5","0.992","0","1"],["2573.49","0.000392","0","1"],["2573.46","0.828124","0","1"],["2573.43","0.19069","0","2"]],"instId":"ETH-USDT","ts":"1751561751009","seqId":52746234109}]}
[2025-07-04 00:55:54] DEBUG: WSOB data bids=5 asks=5
[2025-07-04 00:55:54] DEBUG: WSOB RAW: {"arg":{"channel":"books5","instId":"ETH-USDT"},"data":[{"asks":[["2573.6","15.386885","0","12"],["2573.61","2.128","0","1"],["2573.62","2.306194","0","2"],["2573.66","6.193703","0","2"],["2573.67","2.744","0","1"]],"bids":[["2573.59","4.623624","0","3"],["2573.5","0.992","0","1"],["2573.49","0.000392","0","1"],["2573.46","6.296374","0","2"],["2573.43","0.19069","0","2"]],"instId":"ETH-USDT","ts":"1751561751109","seqId":52746234138}]}
[2025-07-04 00:55:54] DEBUG: WSOB data bids=5 asks=5
[2025-07-04 00:55:54] DEBUG: WSOB RAW: {"arg":{"channel":"books5","instId":"ETH-USDT"},"data":[{"asks":[["2573.6","15.386885","0","12"],["2573.61","2.128","0","1"],["2573.62","2.306194","0","2"],["2573.66","6.193703","0","2"],["2573.67","2.744","0","1"]],"bids":[["2573.59","4.623624","0","3"],["2573.5","1.092","0","2"],["2573.49","0.000392","0","1"],["2573.47","2.535569","0","1"],["2573.46","6.296374","0","2"]],"instId":"ETH-USDT","ts":"1751561751209","seqId":52746234168}]}
[2025-07-04 00:55:54] DEBUG: WSOB data bids=5 asks=5
[2025-07-04 00:55:54] DEBUG: WSOB RAW: {"arg":{"channel":"books5","instId":"ETH-USDT"},"data":[{"asks":[["2573.6","15.386885","0","12"],["2573.61","2.128","0","1"],["2573.62","2.306194","0","2"],["2573.66","6.193703","0","2"],["2573.67","2.744","0","1"]],"bids":[["2573.59","4.623624","0","3"],["2573.51","0.1","0","1"],["2573.5","1.092","0","2"],["2573.49","0.000392","0","1"],["2573.47","2.535569","0","1"]],"instId":"ETH-USDT","ts":"1751561751309","seqId":52746234179}]}
[2025-07-04 00:55:54] DEBUG: WSOB data bids=5 asks=5
[2025-07-04 00:55:55] DEBUG: WSOB RAW: {"arg":{"channel":"books5","instId":"ETH-USDT"},"data":[{"asks":[["2573.6","15.270485","0","11"],["2573.61","2.128","0","1"],["2573.62","2.306194","0","2"],["2573.66","6.193703","0","2"],["2573.67","2.744","0","1"]],"bids":[["2573.59","4.623624","0","3"],["2573.51","0.1","0","1"],["2573.5","1.092","0","2"],["2573.49","0.000392","0","1"],["2573.46","6.296374","0","2"]],"instId":"ETH-USDT","ts":"1751561752009","seqId":52746234304}]}
[2025-07-04 00:55:55] DEBUG: WSOB data bids=5 asks=5
[2025-07-04 00:55:55] DEBUG: start_fetch clicked
[2025-07-04 00:55:55] DEBUG: Loading cache cache\ETH-USDT_1m.parquet
[2025-07-04 00:55:55] DEBUG: Requested start 1748880000000 < cache earliest 1751539260000, clearing cache
[2025-07-04 00:55:55] DEBUG: REST GET https://www.okx.com/api/v5/market/candles params={'before': 1751558399999, 'limit': 300, 'instId': 'ETH-USDT', 'bar': '1m'}
[2025-07-04 00:55:55] DEBUG: WSOB RAW: {"arg":{"channel":"books5","instId":"ETH-USDT"},"data":[{"asks":[["2573.71","0.025","0","1"],["2573.75","0.1","0","1"],["2573.79","0.0038","0","1"],["2573.8","0.992","0","1"],["2573.83","0.01","0","1"]],"bids":[["2573.7","0.2856","0","2"],["2573.59","26.374617","0","11"],["2573.51","0.1","0","1"],["2573.5","1.092","0","2"],["2573.49","0.000392","0","1"]],"instId":"ETH-USDT","ts":"1751561752709","seqId":52746234655}]}
[2025-07-04 00:55:55] DEBUG: WSOB data bids=5 asks=5
[2025-07-04 00:55:55] DEBUG: WSOB RAW: {"arg":{"channel":"books5","instId":"ETH-USDT"},"data":[{"asks":[["2573.75","10.435883","0","8"],["2573.8","0.992","0","1"],["2573.83","0.01","0","1"],["2573.86","0.00015","0","1"],["2573.9","0.9958","0","2"]],"bids":[["2573.74","18.25609","0","7"],["2573.72","2.074386","0","1"],["2573.7","1.092","0","2"],["2573.69","0.1","0","1"],["2573.62","0.1","0","1"]],"instId":"ETH-USDT","ts":"1751561752809","seqId":52746234936}]}
[2025-07-04 00:55:55] DEBUG: WSOB data bids=5 asks=5
[2025-07-04 00:55:56] DEBUG: WSOB RAW: {"arg":{"channel":"books5","instId":"ETH-USDT"},"data":[{"asks":[["2573.75","8.307883","0","7"],["2573.8","0.992","0","1"],["2573.83","0.01","0","1"],["2573.86","0.00015","0","1"],["2573.9","0.9958","0","2"]],"bids":[["2573.74","18.25609","0","7"],["2573.73","0.1","0","1"],["2573.72","2.074386","0","1"],["2573.7","1.092","0","2"],["2573.62","0.1","0","1"]],"instId":"ETH-USDT","ts":"1751561752909","seqId":52746235006}]}
[2025-07-04 00:55:56] DEBUG: WSOB data bids=5 asks=5
[2025-07-04 00:55:56] DEBUG: Page 1: 56 rows, first_ts=1751561700000
[2025-07-04 00:55:56] DEBUG: Saved cache rows=56
