[2025-07-04 00:41:45] DEBUG: Logging to console and file: logs\debug_20250704_004145.log
[2025-07-04 00:41:47] DEBUG: Set ALL_PROXY=http://127.0.0.1:7890
[2025-07-04 00:41:47] DEBUG: WSSecCandle connecting…
[2025-07-04 00:41:47] DEBUG: WSLive connecting for bar=1m …
[2025-07-04 00:41:47] DEBUG: WSOrderBook connecting…
[2025-07-04 00:41:49] DEBUG: WSOrderBook subscribed books5
[2025-07-04 00:41:49] DEBUG: WSSecCandle subscribed trades
[2025-07-04 00:41:49] DEBUG: WSOB RAW: {"event":"subscribe","arg":{"channel":"books5","instId":"ETH-USDT"},"connId":"1e106257"}
[2025-07-04 00:41:49] DEBUG: WSOB RAW: {"arg":{"channel":"books5","instId":"ETH-USDT"},"data":[{"asks":[["2578.29","7.135938","0","6"],["2578.31","0.1","0","1"],["2578.38","0.1","0","1"],["2578.39","2.33213","0","1"],["2578.4","7.773768","0","1"]],"bids":[["2578.28","10.61391","0","10"],["2578.26","0.178194","0","1"],["2578.25","0.178194","0","1"],["2578.24","7.19","0","2"],["2578.2","0.992","0","1"]],"instId":"ETH-USDT","ts":"1751560906508","seqId":52745548879}]}
[2025-07-04 00:41:49] DEBUG: WSOB data bids=5 asks=5
[2025-07-04 00:41:49] DEBUG: WS1S RAW: {"event":"subscribe","arg":{"channel":"trades","instId":"ETH-USDT"},"connId":"1b3fbbf5"}
[2025-07-04 00:41:49] DEBUG: WSOB RAW: {"arg":{"channel":"books5","instId":"ETH-USDT"},"data":[{"asks":[["2578.29","9.432938","0","9"],["2578.31","1.765609","0","2"],["2578.38","0.1","0","1"],["2578.39","2.33213","0","1"],["2578.4","7.773768","0","1"]],"bids":[["2578.28","3.67054","0","4"],["2578.2","0.992","0","1"],["2578.18","3.5","0","1"],["2578.1","4.492","0","2"],["2578.09","0.0038","0","1"]],"instId":"ETH-USDT","ts":"1751560906608","seqId":52745548925}]}
[2025-07-04 00:41:49] DEBUG: WSOB data bids=5 asks=5
[2025-07-04 00:41:49] DEBUG: WSOB RAW: {"arg":{"channel":"books5","instId":"ETH-USDT"},"data":[{"asks":[["2578.29","8.080897","0","8"],["2578.31","1.765609","0","2"],["2578.38","0.1","0","1"],["2578.39","2.33213","0","1"],["2578.4","7.773768","0","1"]],"bids":[["2578.28","3.67054","0","4"],["2578.2","0.992","0","1"],["2578.18","3.5","0","1"],["2578.1","4.492","0","2"],["2578.09","3.5038","0","2"]],"instId":"ETH-USDT","ts":"1751560906708","seqId":52745548943}]}
[2025-07-04 00:41:49] DEBUG: WSOB data bids=5 asks=5
[2025-07-04 00:41:50] DEBUG: WSOB RAW: {"arg":{"channel":"books5","instId":"ETH-USDT"},"data":[{"asks":[["2578.29","6.490897","0","7"],["2578.31","0.1","0","1"],["2578.38","0.1","0","1"],["2578.39","2.33213","0","1"],["2578.4","7.773768","0","1"]],"bids":[["2578.28","6.56454","0","6"],["2578.21","0.1","0","1"],["2578.2","0.992","0","1"],["2578.18","3.5","0","1"],["2578.14","0.1","0","1"]],"instId":"ETH-USDT","ts":"1751560907008","seqId":52745549047}]}
[2025-07-04 00:41:50] DEBUG: WSOB data bids=5 asks=5
[2025-07-04 00:41:50] DEBUG: WSOB RAW: {"arg":{"channel":"books5","instId":"ETH-USDT"},"data":[{"asks":[["2578.29","8.739897","0","9"],["2578.31","0.1","0","1"],["2578.38","0.1","0","1"],["2578.39","2.33213","0","1"],["2578.4","7.773768","0","1"]],"bids":[["2578.28","1.53974","0","2"],["2578.21","0.1","0","1"],["2578.2","0.992","0","1"],["2578.14","0.1","0","1"],["2578.1","4.492","0","2"]],"instId":"ETH-USDT","ts":"1751560907108","seqId":52745549081}]}
[2025-07-04 00:41:50] DEBUG: WSOB data bids=5 asks=5
[2025-07-04 00:41:50] DEBUG: WSLive subscribed candle1m
[2025-07-04 00:41:50] DEBUG: WS1S RAW: {"arg":{"channel":"trades","instId":"ETH-USDT"},"data":[{"instId":"ETH-USDT","tradeId":"613510579","px":"2578.22","sz":"0.002714","side":"buy","ts":"1751560907368","count":"1"}]}
[2025-07-04 00:41:50] DEBUG: WSOB RAW: {"arg":{"channel":"books5","instId":"ETH-USDT"},"data":[{"asks":[["2578.22","18.684438","0","10"],["2578.27","3.0066","0","1"],["2578.28","0.384749","0","1"],["2578.31","0.1","0","1"],["2578.38","0.1","0","1"]],"bids":[["2578.21","1.806704","0","3"],["2578.2","0.992","0","1"],["2578.14","0.1","0","1"],["2578.1","0.992","0","1"],["2578.08","0.1","0","1"]],"instId":"ETH-USDT","ts":"1751560907408","seqId":52745549233}]}
[2025-07-04 00:41:50] DEBUG: WSOB data bids=5 asks=5
[2025-07-04 00:41:50] DEBUG: WSOB RAW: {"arg":{"channel":"books5","instId":"ETH-USDT"},"data":[{"asks":[["2578.22","17.914493","0","9"],["2578.27","3.0066","0","1"],["2578.28","0.384749","0","1"],["2578.31","0.1","0","1"],["2578.4","7.773768","0","1"]],"bids":[["2578.21","1.706704","0","2"],["2578.2","0.992","0","1"],["2578.14","0.1","0","1"],["2578.1","0.992","0","1"],["2578.08","0.1","0","1"]],"instId":"ETH-USDT","ts":"1751560907508","seqId":52745549253}]}
[2025-07-04 00:41:50] DEBUG: WSOB data bids=5 asks=5
[2025-07-04 00:41:50] DEBUG: WSLive RAW: {"event":"error","msg":"Wrong URL or channel:candle1m,instId:ETH-USDT doesn't exist. Please use the correct URL, channel and parameters referring to API document.","code":"60018","connId":"97ee9808"}
[2025-07-04 00:41:50] DEBUG: WSOB RAW: {"arg":{"channel":"books5","instId":"ETH-USDT"},"data":[{"asks":[["2578.22","16.324493","0","8"],["2578.27","3.0066","0","1"],["2578.31","0.1","0","1"],["2578.4","7.773768","0","1"],["2578.41","1.663483","0","1"]],"bids":[["2578.21","6.975704","0","4"],["2578.2","0.992","0","1"],["2578.14","0.1","0","1"],["2578.1","0.992","0","1"],["2578.08","0.1","0","1"]],"instId":"ETH-USDT","ts":"1751560907608","seqId":52745549282}]}
[2025-07-04 00:41:50] DEBUG: WSOB data bids=5 asks=5
[2025-07-04 00:41:50] DEBUG: WSOB RAW: {"arg":{"channel":"books5","instId":"ETH-USDT"},"data":[{"asks":[["2578.22","16.324493","0","8"],["2578.27","3.0066","0","1"],["2578.31","0.1","0","1"],["2578.4","7.773768","0","1"],["2578.41","1.663483","0","1"]],"bids":[["2578.21","7.152704","0","5"],["2578.2","0.992","0","1"],["2578.14","0.1","0","1"],["2578.1","0.992","0","1"],["2578.08","0.1","0","1"]],"instId":"ETH-USDT","ts":"1751560907808","seqId":52745549320}]}
[2025-07-04 00:41:50] DEBUG: WSOB data bids=5 asks=5
[2025-07-04 00:41:51] DEBUG: WSOB RAW: {"arg":{"channel":"books5","instId":"ETH-USDT"},"data":[{"asks":[["2578.22","12.847493","0","8"],["2578.27","3.0066","0","1"],["2578.31","0.1","0","1"],["2578.4","7.773768","0","1"],["2578.41","1.763483","0","2"]],"bids":[["2578.21","7.152704","0","5"],["2578.2","0.992","0","1"],["2578.14","0.1","0","1"],["2578.1","0.992","0","1"],["2578.08","0.1","0","1"]],"instId":"ETH-USDT","ts":"1751560908008","seqId":52745549337}]}
[2025-07-04 00:41:51] DEBUG: WSOB data bids=5 asks=5
[2025-07-04 00:41:51] DEBUG: WSOB RAW: {"arg":{"channel":"books5","instId":"ETH-USDT"},"data":[{"asks":[["2578.22","12.847493","0","8"],["2578.27","3.0066","0","1"],["2578.31","0.1","0","1"],["2578.4","7.773768","0","1"],["2578.41","1.763483","0","2"]],"bids":[["2578.21","7.152704","0","5"],["2578.2","0.992","0","1"],["2578.14","0.1","0","1"],["2578.1","0.992","0","1"],["2578.08","1.744515","0","2"]],"instId":"ETH-USDT","ts":"1751560908108","seqId":52745549360}]}
[2025-07-04 00:41:51] DEBUG: WSOB data bids=5 asks=5
[2025-07-04 00:41:51] DEBUG: WSOB RAW: {"arg":{"channel":"books5","instId":"ETH-USDT"},"data":[{"asks":[["2578.22","14.437493","0","9"],["2578.27","3.0066","0","1"],["2578.31","0.1","0","1"],["2578.4","7.773768","0","1"],["2578.41","1.763483","0","2"]],"bids":[["2578.21","4.088704","0","3"],["2578.2","0.992","0","1"],["2578.14","0.1","0","1"],["2578.1","0.992","0","1"],["2578.08","0.1","0","1"]],"instId":"ETH-USDT","ts":"1751560908208","seqId":52745549390}]}
[2025-07-04 00:41:51] DEBUG: WSOB data bids=5 asks=5
[2025-07-04 00:41:51] DEBUG: WSOB RAW: {"arg":{"channel":"books5","instId":"ETH-USDT"},"data":[{"asks":[["2578.22","14.437493","0","9"],["2578.27","3.0066","0","1"],["2578.31","0.1","0","1"],["2578.4","7.773768","0","1"],["2578.41","1.663483","0","1"]],"bids":[["2578.21","0.409704","0","2"],["2578.2","0.992","0","1"],["2578.14","0.1","0","1"],["2578.1","0.992","0","1"],["2578.08","0.1","0","1"]],"instId":"ETH-USDT","ts":"1751560908308","seqId":52745549417}]}
[2025-07-04 00:41:51] DEBUG: WSOB data bids=5 asks=5
[2025-07-04 00:41:51] DEBUG: WSOB RAW: {"arg":{"channel":"books5","instId":"ETH-USDT"},"data":[{"asks":[["2578.22","12.847493","0","8"],["2578.27","3.0066","0","1"],["2578.31","0.1","0","1"],["2578.4","7.773768","0","1"],["2578.41","1.663483","0","1"]],"bids":[["2578.21","7.152704","0","5"],["2578.2","0.992","0","1"],["2578.14","0.1","0","1"],["2578.1","0.992","0","1"],["2578.08","0.1","0","1"]],"instId":"ETH-USDT","ts":"1751560908408","seqId":52745549446}]}
[2025-07-04 00:41:51] DEBUG: WSOB data bids=5 asks=5
[2025-07-04 00:41:51] DEBUG: WSOB RAW: {"arg":{"channel":"books5","instId":"ETH-USDT"},"data":[{"asks":[["2578.22","14.437493","0","9"],["2578.27","3.0066","0","1"],["2578.31","0.1","0","1"],["2578.4","7.773768","0","1"],["2578.41","1.663483","0","1"]],"bids":[["2578.21","5.562704","0","4"],["2578.2","0.992","0","1"],["2578.14","0.1","0","1"],["2578.1","0.992","0","1"],["2578.08","0.1","0","1"]],"instId":"ETH-USDT","ts":"1751560908508","seqId":52745549460}]}
[2025-07-04 00:41:51] DEBUG: WSOB data bids=5 asks=5
[2025-07-04 00:41:52] DEBUG: WSOB RAW: {"arg":{"channel":"books5","instId":"ETH-USDT"},"data":[{"asks":[["2578.21","30.522184","0","14"],["2578.22","0.1","0","1"],["2578.31","0.1","0","1"],["2578.39","2.831175","0","1"],["2578.4","7.773768","0","1"]],"bids":[["2578.2","0.992","0","1"],["2578.14","0.1","0","1"],["2578.1","0.992","0","1"],["2578.08","0.1","0","1"],["2578.03","2.236419","0","1"]],"instId":"ETH-USDT","ts":"1751560908608","seqId":52745549529}]}
[2025-07-04 00:41:52] DEBUG: WSOB data bids=5 asks=5
[2025-07-04 00:41:52] DEBUG: WSOB RAW: {"arg":{"channel":"books5","instId":"ETH-USDT"},"data":[{"asks":[["2578.21","26.322184","0","13"],["2578.22","0.1","0","1"],["2578.31","0.1","0","1"],["2578.39","2.831175","0","1"],["2578.4","7.773768","0","1"]],"bids":[["2578.2","0.992","0","1"],["2578.1","0.992","0","1"],["2578.08","0.1","0","1"],["2578.03","2.236419","0","1"],["2578.02","0.0038","0","1"]],"instId":"ETH-USDT","ts":"1751560908708","seqId":52745549570}]}
[2025-07-04 00:41:52] DEBUG: WSOB data bids=5 asks=5
[2025-07-04 00:41:52] DEBUG: WSOB RAW: {"arg":{"channel":"books5","instId":"ETH-USDT"},"data":[{"asks":[["2578.11","28.112483","0","12"],["2578.2","0.384749","0","1"],["2578.22","0.1","0","1"],["2578.3","0.0038","0","1"],["2578.37","3.69","0","1"]],"bids":[["2578.1","4.671","0","2"],["2578.08","0.1","0","1"],["2578.03","2.236419","0","1"],["2578.01","0.1","0","1"],["2578","1.054805","0","3"]],"instId":"ETH-USDT","ts":"1751560908808","seqId":52745549656}]}
[2025-07-04 00:41:52] DEBUG: WSOB data bids=5 asks=5
[2025-07-04 00:41:52] DEBUG: WSOB RAW: {"arg":{"channel":"books5","instId":"ETH-USDT"},"data":[{"asks":[["2578.11","27.875702","0","11"],["2578.2","0.384749","0","1"],["2578.22","0.1","0","1"],["2578.3","0.0038","0","1"],["2578.37","3.69","0","1"]],"bids":[["2578.1","4.671","0","2"],["2578.03","2.236419","0","1"],["2578.01","0.1","0","1"],["2578","1.054805","0","3"],["2577.97","0.00015","0","1"]],"instId":"ETH-USDT","ts":"1751560908908","seqId":52745549685}]}
[2025-07-04 00:41:52] DEBUG: WSOB data bids=5 asks=5
[2025-07-04 00:41:52] DEBUG: WSOB RAW: {"arg":{"channel":"books5","instId":"ETH-USDT"},"data":[{"asks":[["2578.02","27.981405","0","12"],["2578.03","15.990773","0","2"],["2578.04","5.734946","0","3"],["2578.1","7.773768","0","1"],["2578.14","0.1","0","1"]],"bids":[["2578.01","0.1","0","1"],["2578","0.066156","0","2"],["2577.94","0.1","0","1"],["2577.9","0.9921","0","2"],["2577.88","0.349079","0","1"]],"instId":"ETH-USDT","ts":"1751560909008","seqId":52745549908}]}
[2025-07-04 00:41:52] DEBUG: WSOB data bids=5 asks=5
[2025-07-04 00:41:52] DEBUG: WSOB RAW: {"arg":{"channel":"books5","instId":"ETH-USDT"},"data":[{"asks":[["2578.01","13.059572","0","9"],["2578.02","2.33213","0","1"],["2578.1","7.773768","0","1"],["2578.21","0.0038","0","1"],["2578.27","0.00015","0","1"]],"bids":[["2578","8.321338","0","6"],["2577.9","0.9921","0","2"],["2577.88","0.349079","0","1"],["2577.87","0.1","0","1"],["2577.86","0.000392","0","1"]],"instId":"ETH-USDT","ts":"1751560909108","seqId":52745550086}]}
[2025-07-04 00:41:52] DEBUG: WSOB data bids=5 asks=5
[2025-07-04 00:41:52] DEBUG: WSOB RAW: {"arg":{"channel":"books5","instId":"ETH-USDT"},"data":[{"asks":[["2578.01","8.377047","0","7"],["2578.21","0.0038","0","1"],["2578.27","0.00015","0","1"],["2578.35","0.101597","0","1"],["2578.36","4.261631","0","1"]],"bids":[["2578","10.076338","0","8"],["2577.9","0.9921","0","2"],["2577.88","0.349079","0","1"],["2577.87","0.1","0","1"],["2577.86","0.000392","0","1"]],"instId":"ETH-USDT","ts":"1751560909208","seqId":52745550122}]}
[2025-07-04 00:41:52] DEBUG: WSOB data bids=5 asks=5
[2025-07-04 00:41:52] DEBUG: WSOB RAW: {"arg":{"channel":"books5","instId":"ETH-USDT"},"data":[{"asks":[["2578.01","8.377047","0","7"],["2578.21","0.0038","0","1"],["2578.27","0.00015","0","1"],["2578.35","0.101597","0","1"],["2578.36","6.200831","0","2"]],"bids":[["2578","10.076238","0","7"],["2577.9","0.9921","0","2"],["2577.88","0.349079","0","1"],["2577.87","0.1","0","1"],["2577.86","0.000392","0","1"]],"instId":"ETH-USDT","ts":"1751560909308","seqId":52745550146}]}
[2025-07-04 00:41:52] DEBUG: WSOB data bids=5 asks=5
[2025-07-04 00:41:52] DEBUG: WSOB RAW: {"arg":{"channel":"books5","instId":"ETH-USDT"},"data":[{"asks":[["2578.01","9.967047","0","8"],["2578.21","0.0038","0","1"],["2578.27","0.00015","0","1"],["2578.35","0.101597","0","1"],["2578.36","6.200831","0","2"]],"bids":[["2578","8.313056","0","4"],["2577.9","0.9921","0","2"],["2577.88","0.349079","0","1"],["2577.87","0.1","0","1"],["2577.86","0.000392","0","1"]],"instId":"ETH-USDT","ts":"1751560909608","seqId":52745550205}]}
[2025-07-04 00:41:52] DEBUG: WSOB data bids=5 asks=5
[2025-07-04 00:41:53] DEBUG: WSOB RAW: {"arg":{"channel":"books5","instId":"ETH-USDT"},"data":[{"asks":[["2578.01","9.967047","0","8"],["2578.21","0.0038","0","1"],["2578.27","0.00015","0","1"],["2578.35","0.101597","0","1"],["2578.36","6.200831","0","2"]],"bids":[["2578","8.592056","0","5"],["2577.9","0.9921","0","2"],["2577.88","0.349079","0","1"],["2577.87","0.1","0","1"],["2577.86","0.000392","0","1"]],"instId":"ETH-USDT","ts":"1751560909808","seqId":52745550240}]}
[2025-07-04 00:41:53] DEBUG: WSOB data bids=5 asks=5
[2025-07-04 00:41:53] DEBUG: WSOB RAW: {"arg":{"channel":"books5","instId":"ETH-USDT"},"data":[{"asks":[["2578.01","9.967047","0","8"],["2578.06","0.1","0","1"],["2578.13","0.1","0","1"],["2578.19","0.1","0","1"],["2578.21","0.0038","0","1"]],"bids":[["2578","8.592056","0","5"],["2577.98","0.1","0","1"],["2577.92","0.1","0","1"],["2577.9","0.9921","0","2"],["2577.88","0.349079","0","1"]],"instId":"ETH-USDT","ts":"1751560910008","seqId":52745550267}]}
[2025-07-04 00:41:53] DEBUG: WSOB data bids=5 asks=5
[2025-07-04 00:41:53] DEBUG: WSOB RAW: {"arg":{"channel":"books5","instId":"ETH-USDT"},"data":[{"asks":[["2578.01","9.967047","0","8"],["2578.06","0.1","0","1"],["2578.13","0.1","0","1"],["2578.19","0.1","0","1"],["2578.21","0.0038","0","1"]],"bids":[["2578","8.313056","0","4"],["2577.98","0.1","0","1"],["2577.92","0.1","0","1"],["2577.9","0.9921","0","2"],["2577.88","0.349079","0","1"]],"instId":"ETH-USDT","ts":"1751560910108","seqId":52745550288}]}
[2025-07-04 00:41:53] DEBUG: WSOB data bids=5 asks=5
[2025-07-04 00:41:53] DEBUG: WSOB RAW: {"arg":{"channel":"books5","instId":"ETH-USDT"},"data":[{"asks":[["2578.13","15.582878","0","8"],["2578.15","0.387878","0","1"],["2578.19","0.1","0","1"],["2578.27","0.00015","0","1"],["2578.32","0.0038","0","1"]],"bids":[["2578.12","3.17818","0","5"],["2578.1","0.992","0","1"],["2578.06","39.932953","0","1"],["2578.05","0.562943","0","2"],["2578","1.058156","0","3"]],"instId":"ETH-USDT","ts":"1751560910308","seqId":52745550449}]}
[2025-07-04 00:41:53] DEBUG: WSOB data bids=5 asks=5
[2025-07-04 00:41:53] DEBUG: WSOB RAW: {"arg":{"channel":"books5","instId":"ETH-USDT"},"data":[{"asks":[["2578.13","17.172878","0","9"],["2578.15","0.387878","0","1"],["2578.19","0.1","0","1"],["2578.27","0.00015","0","1"],["2578.32","0.0038","0","1"]],"bids":[["2578.12","7.26608","0","7"],["2578.1","0.992","0","1"],["2578.06","39.932953","0","1"],["2578.05","0.178194","0","1"],["2578","1.058156","0","3"]],"instId":"ETH-USDT","ts":"1751560910408","seqId":52745550499}]}
[2025-07-04 00:41:53] DEBUG: WSOB data bids=5 asks=5
[2025-07-04 00:41:53] DEBUG: WSOB RAW: {"arg":{"channel":"books5","instId":"ETH-USDT"},"data":[{"asks":[["2578.13","23.373488","0","10"],["2578.15","0.387878","0","1"],["2578.19","0.1","0","1"],["2578.27","0.00015","0","1"],["2578.32","0.0038","0","1"]],"bids":[["2578.12","7.26608","0","7"],["2578.1","0.992","0","1"],["2578.06","39.932953","0","1"],["2578.05","0.178194","0","1"],["2578","1.058156","0","3"]],"instId":"ETH-USDT","ts":"1751560910508","seqId":52745550524}]}
[2025-07-04 00:41:53] DEBUG: WSOB data bids=5 asks=5
[2025-07-04 00:41:54] DEBUG: WSOB RAW: {"arg":{"channel":"books5","instId":"ETH-USDT"},"data":[{"asks":[["2578.13","23.373488","0","10"],["2578.15","0.387878","0","1"],["2578.19","0.1","0","1"],["2578.27","0.00015","0","1"],["2578.32","0.0038","0","1"]],"bids":[["2578.12","3.93653","0","6"],["2578.1","0.992","0","1"],["2578.06","39.932953","0","1"],["2578.05","0.178194","0","1"],["2578","1.058156","0","3"]],"instId":"ETH-USDT","ts":"1751560910908","seqId":52745550573}]}
[2025-07-04 00:41:54] DEBUG: WSOB data bids=5 asks=5
[2025-07-04 00:41:54] DEBUG: WSOB RAW: {"arg":{"channel":"books5","instId":"ETH-USDT"},"data":[{"asks":[["2578.13","23.373488","0","10"],["2578.15","0.387878","0","1"],["2578.19","0.1","0","1"],["2578.27","0.00015","0","1"],["2578.32","0.0038","0","1"]],"bids":[["2578.12","3.39353","0","5"],["2578.1","0.992","0","1"],["2578.06","40.032953","0","2"],["2578","1.158156","0","4"],["2577.98","0.1","0","1"]],"instId":"ETH-USDT","ts":"1751560911008","seqId":52745550588}]}
[2025-07-04 00:41:54] DEBUG: WSOB data bids=5 asks=5
[2025-07-04 00:41:54] DEBUG: WSOB RAW: {"arg":{"channel":"books5","instId":"ETH-USDT"},"data":[{"asks":[["2578.13","23.373488","0","10"],["2578.15","0.387878","0","1"],["2578.19","0.1","0","1"],["2578.27","0.00015","0","1"],["2578.3","0.770744","0","1"]],"bids":[["2578.12","3.23503","0","4"],["2578.1","0.992","0","1"],["2578.06","40.032953","0","2"],["2578","1.158156","0","4"],["2577.98","0.1","0","1"]],"instId":"ETH-USDT","ts":"1751560911408","seqId":52745550618}]}
[2025-07-04 00:41:54] DEBUG: WSOB data bids=5 asks=5
[2025-07-04 00:41:54] DEBUG: WSOB RAW: {"arg":{"channel":"books5","instId":"ETH-USDT"},"data":[{"asks":[["2578.13","23.373488","0","10"],["2578.15","0.387878","0","1"],["2578.19","0.1","0","1"],["2578.27","0.00015","0","1"],["2578.3","0.770744","0","1"]],"bids":[["2578.12","3.23503","0","4"],["2578.06","40.032953","0","2"],["2578","1.158156","0","4"],["2577.98","0.1","0","1"],["2577.93","0.0038","0","1"]],"instId":"ETH-USDT","ts":"1751560911508","seqId":52745550639}]}
[2025-07-04 00:41:54] DEBUG: WSOB data bids=5 asks=5
[2025-07-04 00:41:54] DEBUG: WSOB RAW: {"arg":{"channel":"books5","instId":"ETH-USDT"},"data":[{"asks":[["2578.13","23.373488","0","10"],["2578.15","0.387878","0","1"],["2578.19","0.1","0","1"],["2578.27","0.00015","0","1"],["2578.3","0.770744","0","1"]],"bids":[["2578.12","3.23503","0","4"],["2578.1","0.992","0","1"],["2578.06","40.032953","0","2"],["2578","1.158156","0","4"],["2577.98","0.1","0","1"]],"instId":"ETH-USDT","ts":"1751560911608","seqId":52745550640}]}
[2025-07-04 00:41:54] DEBUG: WSOB data bids=5 asks=5
[2025-07-04 00:41:55] DEBUG: WSOB RAW: {"arg":{"channel":"books5","instId":"ETH-USDT"},"data":[{"asks":[["2578.13","23.472819","0","11"],["2578.15","0.387878","0","1"],["2578.19","0.1","0","1"],["2578.27","0.00015","0","1"],["2578.3","0.770744","0","1"]],"bids":[["2578.12","0.75835","0","1"],["2578.06","40.032953","0","2"],["2578","1.158156","0","4"],["2577.98","0.1","0","1"],["2577.93","0.0038","0","1"]],"instId":"ETH-USDT","ts":"1751560912008","seqId":52745550667}]}
[2025-07-04 00:41:55] DEBUG: WSOB data bids=5 asks=5
[2025-07-04 00:41:55] DEBUG: WSOB RAW: {"arg":{"channel":"books5","instId":"ETH-USDT"},"data":[{"asks":[["2578.13","23.373488","0","10"],["2578.15","0.387878","0","1"],["2578.19","0.1","0","1"],["2578.27","0.00015","0","1"],["2578.3","0.770744","0","1"]],"bids":[["2578.12","2.23235","0","2"],["2578.1","0.992","0","1"],["2578.06","40.032953","0","2"],["2578","1.158156","0","4"],["2577.98","0.1","0","1"]],"instId":"ETH-USDT","ts":"1751560912108","seqId":52745550676}]}
[2025-07-04 00:41:55] DEBUG: WSOB data bids=5 asks=5
[2025-07-04 00:41:55] DEBUG: WSOB RAW: {"arg":{"channel":"books5","instId":"ETH-USDT"},"data":[{"asks":[["2578.13","23.373488","0","10"],["2578.15","0.387878","0","1"],["2578.19","0.1","0","1"],["2578.27","0.00015","0","1"],["2578.3","0.770744","0","1"]],"bids":[["2578.12","0.75835","0","1"],["2578.1","0.992","0","1"],["2578.06","40.032953","0","2"],["2578","1.158156","0","4"],["2577.98","0.1","0","1"]],"instId":"ETH-USDT","ts":"1751560912208","seqId":52745550682}]}
[2025-07-04 00:41:55] DEBUG: WSOB data bids=5 asks=5
[2025-07-04 00:41:55] DEBUG: WSOB RAW: {"arg":{"channel":"books5","instId":"ETH-USDT"},"data":[{"asks":[["2578.13","11.715","0","6"],["2578.19","0.1","0","1"],["2578.32","0.0038","0","1"],["2578.33","4.088175","0","1"],["2578.34","7.773768","0","1"]],"bids":[["2578.12","12.8409","0","5"],["2578.1","0.992","0","1"],["2578.06","40.032953","0","2"],["2578","1.158156","0","4"],["2577.98","0.1","0","1"]],"instId":"ETH-USDT","ts":"1751560912408","seqId":52745550777}]}
[2025-07-04 00:41:55] DEBUG: WSOB data bids=5 asks=5
[2025-07-04 00:41:55] DEBUG: WSOB RAW: {"arg":{"channel":"books5","instId":"ETH-USDT"},"data":[{"asks":[["2578.13","11.715","0","6"],["2578.19","0.1","0","1"],["2578.32","0.0038","0","1"],["2578.33","4.088175","0","1"],["2578.34","7.773768","0","1"]],"bids":[["2578.12","12.8409","0","5"],["2578.1","0.992","0","1"],["2578.06","40.032953","0","2"],["2578","1.158156","0","4"],["2577.93","0.0038","0","1"]],"instId":"ETH-USDT","ts":"1751560912508","seqId":52745550797}]}
[2025-07-04 00:41:55] DEBUG: WSOB data bids=5 asks=5
[2025-07-04 00:41:55] DEBUG: WSOB RAW: {"arg":{"channel":"books5","instId":"ETH-USDT"},"data":[{"asks":[["2578.13","11.715","0","6"],["2578.19","0.1","0","1"],["2578.32","0.0038","0","1"],["2578.33","4.088175","0","1"],["2578.34","7.773768","0","1"]],"bids":[["2578.12","12.8409","0","5"],["2578.1","0.992","0","1"],["2578.06","40.032953","0","2"],["2578","1.158156","0","4"],["2577.98","2.236419","0","1"]],"instId":"ETH-USDT","ts":"1751560912708","seqId":52745550877}]}
[2025-07-04 00:41:55] DEBUG: WSOB data bids=5 asks=5
[2025-07-04 00:41:56] DEBUG: WSOB RAW: {"arg":{"channel":"books5","instId":"ETH-USDT"},"data":[{"asks":[["2578.13","7.613","0","4"],["2578.19","0.1","0","1"],["2578.32","0.0038","0","1"],["2578.33","4.088175","0","1"],["2578.34","7.773768","0","1"]],"bids":[["2578.12","14.7099","0","7"],["2578.1","0.992","0","1"],["2578.06","40.032953","0","2"],["2578","1.158156","0","4"],["2577.98","2.236419","0","1"]],"instId":"ETH-USDT","ts":"1751560912908","seqId":52745550892}]}
[2025-07-04 00:41:56] DEBUG: WSOB data bids=5 asks=5
[2025-07-04 00:41:56] DEBUG: WSOB RAW: {"arg":{"channel":"books5","instId":"ETH-USDT"},"data":[{"asks":[["2578.13","7.513","0","3"],["2578.19","0.1","0","1"],["2578.28","0.1","0","1"],["2578.32","0.0038","0","1"],["2578.33","4.088175","0","1"]],"bids":[["2578.12","14.8099","0","8"],["2578.1","0.992","0","1"],["2578.07","0.1","0","1"],["2578.06","40.032953","0","2"],["2578","1.158156","0","4"]],"instId":"ETH-USDT","ts":"1751560913008","seqId":52745550917}]}
[2025-07-04 00:41:56] DEBUG: WSOB data bids=5 asks=5
[2025-07-04 00:41:56] DEBUG: WSOB RAW: {"arg":{"channel":"books5","instId":"ETH-USDT"},"data":[{"asks":[["2578.13","3.555","0","1"],["2578.19","0.1","0","1"],["2578.28","0.1","0","1"],["2578.32","0.0038","0","1"],["2578.33","4.088175","0","1"]],"bids":[["2578.12","14.8099","0","8"],["2578.1","0.992","0","1"],["2578.07","0.1","0","1"],["2578.06","40.032953","0","2"],["2578","1.158156","0","4"]],"instId":"ETH-USDT","ts":"1751560913208","seqId":52745550951}]}
[2025-07-04 00:41:56] DEBUG: WSOB data bids=5 asks=5
[2025-07-04 00:41:56] DEBUG: WSOB RAW: {"arg":{"channel":"books5","instId":"ETH-USDT"},"data":[{"asks":[["2578.13","3.555","0","1"],["2578.19","0.1","0","1"],["2578.28","0.1","0","1"],["2578.32","0.0038","0","1"],["2578.33","4.088175","0","1"]],"bids":[["2578.12","18.3099","0","9"],["2578.1","0.992","0","1"],["2578.07","0.1","0","1"],["2578.06","39.932953","0","1"],["2578","1.158156","0","4"]],"instId":"ETH-USDT","ts":"1751560913308","seqId":52745550968}]}
[2025-07-04 00:41:56] DEBUG: WSOB data bids=5 asks=5
[2025-07-04 00:41:56] DEBUG: WSOB RAW: {"arg":{"channel":"books5","instId":"ETH-USDT"},"data":[{"asks":[["2578.13","3.555","0","1"],["2578.19","0.1","0","1"],["2578.28","0.1","0","1"],["2578.32","0.0038","0","1"],["2578.33","4.088175","0","1"]],"bids":[["2578.12","14.8099","0","8"],["2578.1","0.992","0","1"],["2578.07","0.1","0","1"],["2578.06","39.932953","0","1"],["2578","1.158156","0","4"]],"instId":"ETH-USDT","ts":"1751560913508","seqId":52745550988}]}
[2025-07-04 00:41:56] DEBUG: WSOB data bids=5 asks=5
[2025-07-04 00:41:56] DEBUG: WSOB RAW: {"arg":{"channel":"books5","instId":"ETH-USDT"},"data":[{"asks":[["2578.13","3.555","0","1"],["2578.19","0.1","0","1"],["2578.28","0.1","0","1"],["2578.32","0.0038","0","1"],["2578.33","4.088175","0","1"]],"bids":[["2578.12","18.3099","0","9"],["2578.1","0.992","0","1"],["2578.07","0.1","0","1"],["2578.06","39.932953","0","1"],["2578","1.158156","0","4"]],"instId":"ETH-USDT","ts":"1751560913608","seqId":52745550995}]}
[2025-07-04 00:41:56] DEBUG: WSOB data bids=5 asks=5
[2025-07-04 00:41:57] DEBUG: WSOB RAW: {"arg":{"channel":"books5","instId":"ETH-USDT"},"data":[{"asks":[["2578.13","3.834","0","2"],["2578.19","0.1","0","1"],["2578.28","0.1","0","1"],["2578.32","0.0038","0","1"],["2578.33","4.088175","0","1"]],"bids":[["2578.12","14.8099","0","8"],["2578.1","0.992","0","1"],["2578.07","0.1","0","1"],["2578.06","39.932953","0","1"],["2578","1.158156","0","4"]],"instId":"ETH-USDT","ts":"1751560913908","seqId":52745551014}]}
[2025-07-04 00:41:57] DEBUG: WSOB data bids=5 asks=5
[2025-07-04 00:41:57] DEBUG: WSOB RAW: {"arg":{"channel":"books5","instId":"ETH-USDT"},"data":[{"asks":[["2578.13","3.834","0","2"],["2578.19","0.1","0","1"],["2578.28","0.1","0","1"],["2578.32","0.0038","0","1"],["2578.33","4.088175","0","1"]],"bids":[["2578.12","14.8099","0","8"],["2578.1","1.092","0","2"],["2578.07","0.1","0","1"],["2578.06","39.932953","0","1"],["2578","1.158156","0","4"]],"instId":"ETH-USDT","ts":"1751560914008","seqId":52745551018}]}
[2025-07-04 00:41:57] DEBUG: WSOB data bids=5 asks=5
[2025-07-04 00:41:57] DEBUG: WSOB RAW: {"arg":{"channel":"books5","instId":"ETH-USDT"},"data":[{"asks":[["2578.13","3.834","0","2"],["2578.19","0.1","0","1"],["2578.28","0.1","0","1"],["2578.32","0.0038","0","1"],["2578.33","4.088175","0","1"]],"bids":[["2578.12","14.5309","0","7"],["2578.1","1.092","0","2"],["2578.07","0.1","0","1"],["2578.06","39.932953","0","1"],["2578","1.158156","0","4"]],"instId":"ETH-USDT","ts":"1751560914108","seqId":52745551041}]}
[2025-07-04 00:41:57] DEBUG: WSOB data bids=5 asks=5
[2025-07-04 00:41:57] DEBUG: WSOB RAW: {"arg":{"channel":"books5","instId":"ETH-USDT"},"data":[{"asks":[["2578.13","3.834","0","2"],["2578.19","0.1","0","1"],["2578.28","0.1","0","1"],["2578.32","0.0038","0","1"],["2578.33","4.088175","0","1"]],"bids":[["2578.12","14.6959","0","8"],["2578.1","1.092","0","2"],["2578.07","0.1","0","1"],["2578.06","39.932953","0","1"],["2578","1.158156","0","4"]],"instId":"ETH-USDT","ts":"1751560914208","seqId":52745551056}]}
[2025-07-04 00:41:57] DEBUG: WSOB data bids=5 asks=5
[2025-07-04 00:41:57] DEBUG: WSOB RAW: {"arg":{"channel":"books5","instId":"ETH-USDT"},"data":[{"asks":[["2578.13","3.80313","0","2"],["2578.19","0.1","0","1"],["2578.28","0.1","0","1"],["2578.32","0.0038","0","1"],["2578.33","4.088175","0","1"]],"bids":[["2578.12","14.6959","0","8"],["2578.1","1.092","0","2"],["2578.07","0.1","0","1"],["2578.06","39.932953","0","1"],["2578","1.158156","0","4"]],"instId":"ETH-USDT","ts":"1751560914308","seqId":52745551064}]}
[2025-07-04 00:41:57] DEBUG: WSOB data bids=5 asks=5
[2025-07-04 00:41:58] DEBUG: WSOB RAW: {"arg":{"channel":"books5","instId":"ETH-USDT"},"data":[{"asks":[["2578.13","3.52413","0","1"],["2578.19","0.1","0","1"],["2578.28","0.1","0","1"],["2578.32","0.0038","0","1"],["2578.33","4.088175","0","1"]],"bids":[["2578.12","14.6959","0","8"],["2578.1","1.092","0","2"],["2578.07","0.1","0","1"],["2578.06","39.932953","0","1"],["2578","1.158156","0","4"]],"instId":"ETH-USDT","ts":"1751560915008","seqId":52745551087}]}
[2025-07-04 00:41:58] DEBUG: WSOB data bids=5 asks=5
[2025-07-04 00:41:58] DEBUG: WSOB RAW: {"arg":{"channel":"books5","instId":"ETH-USDT"},"data":[{"asks":[["2578.13","3.52413","0","1"],["2578.19","0.1","0","1"],["2578.28","0.1","0","1"],["2578.32","0.0038","0","1"],["2578.33","4.088175","0","1"]],"bids":[["2578.12","14.928615","0","9"],["2578.1","1.092","0","2"],["2578.07","0.1","0","1"],["2578.06","39.932953","0","1"],["2578","1.158156","0","4"]],"instId":"ETH-USDT","ts":"1751560915108","seqId":52745551091}]}
[2025-07-04 00:41:58] DEBUG: WSOB data bids=5 asks=5
[2025-07-04 00:41:58] DEBUG: WSOB RAW: {"arg":{"channel":"books5","instId":"ETH-USDT"},"data":[{"asks":[["2578.19","5.532","0","4"],["2578.28","0.1","0","1"],["2578.32","0.0038","0","1"],["2578.33","4.088175","0","1"],["2578.34","7.773768","0","1"]],"bids":[["2578.18","13.442764","0","9"],["2578.13","0.178194","0","1"],["2578.12","0.1","0","1"],["2578.1","1.092","0","2"],["2578.07","0.1","0","1"]],"instId":"ETH-USDT","ts":"1751560915208","seqId":52745551169}]}
[2025-07-04 00:41:58] DEBUG: WSOB data bids=5 asks=5
[2025-07-04 00:41:58] DEBUG: WSOB RAW: {"arg":{"channel":"books5","instId":"ETH-USDT"},"data":[{"asks":[["2578.19","7.266","0","4"],["2578.28","0.1","0","1"],["2578.32","0.0038","0","1"],["2578.33","4.088175","0","1"],["2578.34","7.773768","0","1"]],"bids":[["2578.18","13.442764","0","9"],["2578.13","0.178194","0","1"],["2578.12","0.1","0","1"],["2578.1","1.092","0","2"],["2578.06","39.932953","0","1"]],"instId":"ETH-USDT","ts":"1751560915308","seqId":52745551175}]}
[2025-07-04 00:41:58] DEBUG: WSOB data bids=5 asks=5
[2025-07-04 00:41:58] DEBUG: WSOB RAW: {"arg":{"channel":"books5","instId":"ETH-USDT"},"data":[{"asks":[["2578.19","7.266","0","4"],["2578.28","0.1","0","1"],["2578.32","0.0038","0","1"],["2578.33","4.088175","0","1"],["2578.34","7.773768","0","1"]],"bids":[["2578.18","13.058015","0","8"],["2578.13","0.178194","0","1"],["2578.12","0.1","0","1"],["2578.1","1.092","0","2"],["2578.06","39.932953","0","1"]],"instId":"ETH-USDT","ts":"1751560915408","seqId":52745551186}]}
[2025-07-04 00:41:58] DEBUG: WSOB data bids=5 asks=5
[2025-07-04 00:41:58] DEBUG: WSOB RAW: {"arg":{"channel":"books5","instId":"ETH-USDT"},"data":[{"asks":[["2578.19","7.266","0","4"],["2578.28","0.1","0","1"],["2578.32","0.0038","0","1"],["2578.33","4.088175","0","1"],["2578.34","7.773768","0","1"]],"bids":[["2578.18","12.8253","0","7"],["2578.13","0.178194","0","1"],["2578.12","0.1","0","1"],["2578.1","1.092","0","2"],["2578.06","39.932953","0","1"]],"instId":"ETH-USDT","ts":"1751560915708","seqId":52745551223}]}
[2025-07-04 00:41:58] DEBUG: WSOB data bids=5 asks=5
[2025-07-04 00:41:58] DEBUG: WSOB RAW: {"arg":{"channel":"books5","instId":"ETH-USDT"},"data":[{"asks":[["2578.19","5.792","0","3"],["2578.28","0.1","0","1"],["2578.32","0.0038","0","1"],["2578.33","4.088175","0","1"],["2578.34","7.773768","0","1"]],"bids":[["2578.18","12.8253","0","7"],["2578.13","0.178194","0","1"],["2578.12","0.1","0","1"],["2578.1","1.092","0","2"],["2578.06","39.932953","0","1"]],"instId":"ETH-USDT","ts":"1751560915808","seqId":52745551227}]}
[2025-07-04 00:41:58] DEBUG: WSOB data bids=5 asks=5
[2025-07-04 00:41:59] DEBUG: WSOB RAW: {"arg":{"channel":"books5","instId":"ETH-USDT"},"data":[{"asks":[["2578.19","5.792","0","3"],["2578.28","0.1","0","1"],["2578.32","0.0038","0","1"],["2578.33","4.088175","0","1"],["2578.34","7.773768","0","1"]],"bids":[["2578.18","13.058008","0","8"],["2578.13","0.178194","0","1"],["2578.12","0.1","0","1"],["2578.1","1.092","0","2"],["2578.06","39.932953","0","1"]],"instId":"ETH-USDT","ts":"1751560915908","seqId":52745551229}]}
[2025-07-04 00:41:59] DEBUG: WSOB data bids=5 asks=5
[2025-07-04 00:41:59] DEBUG: WSOB RAW: {"arg":{"channel":"books5","instId":"ETH-USDT"},"data":[{"asks":[["2578.19","5.792","0","3"],["2578.28","0.1","0","1"],["2578.32","0.0038","0","1"],["2578.33","4.088175","0","1"],["2578.34","7.773768","0","1"]],"bids":[["2578.18","13.158008","0","9"],["2578.13","0.178194","0","1"],["2578.12","0.1","0","1"],["2578.1","1.092","0","2"],["2578.06","39.932953","0","1"]],"instId":"ETH-USDT","ts":"1751560916008","seqId":52745551237}]}
[2025-07-04 00:41:59] DEBUG: WSOB data bids=5 asks=5
[2025-07-04 00:41:59] DEBUG: WSOB RAW: {"arg":{"channel":"books5","instId":"ETH-USDT"},"data":[{"asks":[["2578.19","5.792","0","3"],["2578.28","0.1","0","1"],["2578.32","0.0038","0","1"],["2578.33","4.088175","0","1"],["2578.34","7.773768","0","1"]],"bids":[["2578.18","12.9253","0","8"],["2578.13","0.178194","0","1"],["2578.12","0.1","0","1"],["2578.1","1.092","0","2"],["2578.06","39.932953","0","1"]],"instId":"ETH-USDT","ts":"1751560916208","seqId":52745551250}]}
[2025-07-04 00:41:59] DEBUG: WSOB data bids=5 asks=5
[2025-07-04 00:41:59] DEBUG: WSOB RAW: {"arg":{"channel":"books5","instId":"ETH-USDT"},"data":[{"asks":[["2578.19","7.282","0","4"],["2578.28","0.1","0","1"],["2578.32","0.0038","0","1"],["2578.33","4.088175","0","1"],["2578.34","7.773768","0","1"]],"bids":[["2578.18","12.9253","0","8"],["2578.13","0.178194","0","1"],["2578.12","0.1","0","1"],["2578.1","1.092","0","2"],["2578.06","39.932953","0","1"]],"instId":"ETH-USDT","ts":"1751560916508","seqId":52745551263}]}
[2025-07-04 00:41:59] DEBUG: WSOB data bids=5 asks=5
[2025-07-04 00:41:59] DEBUG: WSOB RAW: {"arg":{"channel":"books5","instId":"ETH-USDT"},"data":[{"asks":[["2578.19","12.562","0","6"],["2578.28","0.1","0","1"],["2578.32","0.0038","0","1"],["2578.33","2.831175","0","1"],["2578.34","7.773768","0","1"]],"bids":[["2578.18","11.0563","0","6"],["2578.13","0.178194","0","1"],["2578.12","0.1","0","1"],["2578.1","1.092","0","2"],["2578.06","39.932953","0","1"]],"instId":"ETH-USDT","ts":"1751560916608","seqId":52745551281}]}
[2025-07-04 00:41:59] DEBUG: WSOB data bids=5 asks=5
[2025-07-04 00:41:59] DEBUG: WSOB RAW: {"arg":{"channel":"books5","instId":"ETH-USDT"},"data":[{"asks":[["2578.19","8.872","0","5"],["2578.28","0.1","0","1"],["2578.32","0.0038","0","1"],["2578.33","2.831175","0","1"],["2578.34","7.773768","0","1"]],"bids":[["2578.18","11.0563","0","6"],["2578.13","0.178194","0","1"],["2578.12","0.1","0","1"],["2578.1","0.992","0","1"],["2578.06","39.932953","0","1"]],"instId":"ETH-USDT","ts":"1751560916708","seqId":52745551292}]}
[2025-07-04 00:41:59] DEBUG: WSOB data bids=5 asks=5
[2025-07-04 00:42:00] DEBUG: WSOB RAW: {"arg":{"channel":"books5","instId":"ETH-USDT"},"data":[{"asks":[["2578.19","8.151","0","5"],["2578.28","0.1","0","1"],["2578.32","0.0038","0","1"],["2578.33","2.831175","0","1"],["2578.34","7.773768","0","1"]],"bids":[["2578.18","8.5133","0","5"],["2578.13","0.178194","0","1"],["2578.12","0.1","0","1"],["2578.1","0.992","0","1"],["2578.06","39.932953","0","1"]],"instId":"ETH-USDT","ts":"1751560916908","seqId":52745551308}]}
[2025-07-04 00:42:00] DEBUG: WSOB data bids=5 asks=5
[2025-07-04 00:42:00] DEBUG: WSOB RAW: {"arg":{"channel":"books5","instId":"ETH-USDT"},"data":[{"asks":[["2578.19","8.151","0","5"],["2578.23","0.1","0","1"],["2578.28","0.1","0","1"],["2578.32","0.0038","0","1"],["2578.33","2.831175","0","1"]],"bids":[["2578.18","8.5133","0","5"],["2578.13","0.178194","0","1"],["2578.12","0.1","0","1"],["2578.1","0.992","0","1"],["2578.06","39.932953","0","1"]],"instId":"ETH-USDT","ts":"1751560917008","seqId":52745551314}]}
[2025-07-04 00:42:00] DEBUG: WSOB data bids=5 asks=5
[2025-07-04 00:42:00] DEBUG: WSOB RAW: {"arg":{"channel":"books5","instId":"ETH-USDT"},"data":[{"asks":[["2578.19","11.841","0","6"],["2578.23","0.1","0","1"],["2578.28","0.1","0","1"],["2578.32","0.0038","0","1"],["2578.33","2.831175","0","1"]],"bids":[["2578.18","8.5133","0","5"],["2578.13","0.178194","0","1"],["2578.12","0.1","0","1"],["2578.1","0.992","0","1"],["2578.06","39.932953","0","1"]],"instId":"ETH-USDT","ts":"1751560917108","seqId":52745551317}]}
[2025-07-04 00:42:00] DEBUG: WSOB data bids=5 asks=5
[2025-07-04 00:42:00] DEBUG: WSOB RAW: {"arg":{"channel":"books5","instId":"ETH-USDT"},"data":[{"asks":[["2578.19","18.140941","0","8"],["2578.21","0.387869","0","1"],["2578.23","0.1","0","1"],["2578.28","0.1","0","1"],["2578.32","0.0038","0","1"]],"bids":[["2578.18","4.8343","0","4"],["2578.13","0.178194","0","1"],["2578.12","0.1","0","1"],["2578.1","0.992","0","1"],["2578.06","39.932953","0","1"]],"instId":"ETH-USDT","ts":"1751560917608","seqId":52745551353}]}
[2025-07-04 00:42:00] DEBUG: WSOB data bids=5 asks=5
[2025-07-04 00:42:00] DEBUG: WSOB RAW: {"arg":{"channel":"books5","instId":"ETH-USDT"},"data":[{"asks":[["2578.13","26.674636","0","12"],["2578.14","3.69","0","1"],["2578.18","3.173343","0","1"],["2578.19","9.89061","0","2"],["2578.21","0.387869","0","1"]],"bids":[["2578.12","0.1","0","1"],["2578.1","0.992","0","1"],["2578.06","39.932953","0","1"],["2578.03","0.1","0","1"],["2578","1.058156","0","3"]],"instId":"ETH-USDT","ts":"1751560917708","seqId":52745551435}]}
[2025-07-04 00:42:00] DEBUG: WSOB data bids=5 asks=5
[2025-07-04 00:42:00] DEBUG: WSOB RAW: {"arg":{"channel":"books5","instId":"ETH-USDT"},"data":[{"asks":[["2578.13","26.674636","0","12"],["2578.18","3.173343","0","1"],["2578.19","9.89061","0","2"],["2578.21","0.387869","0","1"],["2578.23","0.1","0","1"]],"bids":[["2578.12","1.876","0","3"],["2578.1","0.992","0","1"],["2578.06","39.932953","0","1"],["2578.03","0.1","0","1"],["2578","1.058156","0","3"]],"instId":"ETH-USDT","ts":"1751560917808","seqId":52745551446}]}
[2025-07-04 00:42:00] DEBUG: WSOB data bids=5 asks=5
[2025-07-04 00:42:01] DEBUG: WSOB RAW: {"arg":{"channel":"books5","instId":"ETH-USDT"},"data":[{"asks":[["2578.13","26.674636","0","12"],["2578.18","3.173343","0","1"],["2578.19","9.89061","0","2"],["2578.21","0.387869","0","1"],["2578.23","0.1","0","1"]],"bids":[["2578.12","0.1","0","1"],["2578.1","0.992","0","1"],["2578.06","39.932953","0","1"],["2578.03","0.1","0","1"],["2578","1.058156","0","3"]],"instId":"ETH-USDT","ts":"1751560917908","seqId":52745551458}]}
[2025-07-04 00:42:01] DEBUG: WSOB data bids=5 asks=5
[2025-07-04 00:42:01] DEBUG: WSOB RAW: {"arg":{"channel":"books5","instId":"ETH-USDT"},"data":[{"asks":[["2577.71","9.671722","0","11"],["2577.72","14.074253","0","4"],["2577.74","0.767528","0","1"],["2577.78","6.087231","0","7"],["2577.79","41.172844","0","10"]],"bids":[["2577.7","1.341108","0","2"],["2577.68","0.349134","0","1"],["2577.66","0.09069","0","1"],["2577.61","1.193572","0","3"],["2577.6","0.992","0","1"]],"instId":"ETH-USDT","ts":"1751560918008","seqId":52745552289}]}
[2025-07-04 00:42:01] DEBUG: WSOB data bids=5 asks=5
[2025-07-04 00:42:01] DEBUG: WSOB RAW: {"arg":{"channel":"books5","instId":"ETH-USDT"},"data":[{"asks":[["2577.71","25.947317","0","11"],["2577.78","0.099331","0","1"],["2577.91","1.542124","0","1"],["2577.94","2.69182","0","1"],["2578","0.0001","0","1"]],"bids":[["2577.7","4.622","0","2"],["2577.66","0.09069","0","1"],["2577.61","1.053572","0","1"],["2577.6","0.992","0","1"],["2577.57","0.025","0","1"]],"instId":"ETH-USDT","ts":"1751560918108","seqId":52745552524}]}
[2025-07-04 00:42:01] DEBUG: WSOB data bids=5 asks=5
[2025-07-04 00:42:01] DEBUG: WSOB RAW: {"arg":{"channel":"books5","instId":"ETH-USDT"},"data":[{"asks":[["2577.61","27.05781","0","16"],["2577.65","0.886","0","1"],["2577.66","17.492845","0","7"],["2577.67","16.999528","0","10"],["2577.81","0.527507","0","1"]],"bids":[["2577.6","0.992","0","1"],["2577.57","0.025","0","1"],["2577.56","0.0041","0","2"],["2577.53","0.857988","0","2"],["2577.52","0.15","0","1"]],"instId":"ETH-USDT","ts":"1751560918208","seqId":52745552940}]}
[2025-07-04 00:42:01] DEBUG: WSOB data bids=5 asks=5
[2025-07-04 00:42:01] DEBUG: WSOB RAW: {"arg":{"channel":"books5","instId":"ETH-USDT"},"data":[{"asks":[["2577.61","21.255453","0","9"],["2577.66","0.117882","0","1"],["2577.81","0.527507","0","1"],["2577.82","1.647787","0","1"],["2577.86","0.0038","0","1"]],"bids":[["2577.6","4.596","0","2"],["2577.57","0.025","0","1"],["2577.56","0.0041","0","2"],["2577.53","0.857988","0","2"],["2577.52","0.15","0","1"]],"instId":"ETH-USDT","ts":"1751560918308","seqId":52745553139}]}
[2025-07-04 00:42:01] DEBUG: WSOB data bids=5 asks=5
[2025-07-04 00:42:01] DEBUG: WSOB RAW: {"arg":{"channel":"books5","instId":"ETH-USDT"},"data":[{"asks":[["2577.61","23.632122","0","10"],["2577.66","0.117882","0","1"],["2577.81","0.527507","0","1"],["2577.82","1.647787","0","1"],["2577.86","0.0038","0","1"]],"bids":[["2577.6","0.992","0","1"],["2577.57","0.025","0","1"],["2577.56","0.0041","0","2"],["2577.53","0.857988","0","2"],["2577.52","0.15","0","1"]],"instId":"ETH-USDT","ts":"1751560918408","seqId":52745553183}]}
[2025-07-04 00:42:01] DEBUG: WSOB data bids=5 asks=5
[2025-07-04 00:42:01] DEBUG: WSOB RAW: {"arg":{"channel":"books5","instId":"ETH-USDT"},"data":[{"asks":[["2577.61","23.632122","0","10"],["2577.62","0.387957","0","1"],["2577.66","0.117882","0","1"],["2577.81","0.527507","0","1"],["2577.82","1.647787","0","1"]],"bids":[["2577.6","0.992","0","1"],["2577.56","0.0001","0","1"],["2577.53","0.857988","0","2"],["2577.52","0.15","0","1"],["2577.5","0.992","0","1"]],"instId":"ETH-USDT","ts":"1751560918508","seqId":52745553277}]}
[2025-07-04 00:42:01] DEBUG: WSOB data bids=5 asks=5
[2025-07-04 00:42:01] DEBUG: WSOB RAW: {"arg":{"channel":"books5","instId":"ETH-USDT"},"data":[{"asks":[["2577.54","24.259959","0","14"],["2577.56","8.658935","0","1"],["2577.57","4.38201","0","1"],["2577.61","0.099331","0","1"],["2577.62","0.387957","0","1"]],"bids":[["2577.53","0.857988","0","2"],["2577.52","0.15","0","1"],["2577.5","0.992","0","1"],["2577.47","0.842858","0","1"],["2577.46","0.000392","0","1"]],"instId":"ETH-USDT","ts":"1751560918608","seqId":52745553429}]}
[2025-07-04 00:42:01] DEBUG: WSOB data bids=5 asks=5
[2025-07-04 00:42:01] DEBUG: WSOB RAW: {"arg":{"channel":"books5","instId":"ETH-USDT"},"data":[{"asks":[["2577.54","23.490006","0","13"],["2577.55","1.43099","0","1"],["2577.57","4.38201","0","1"],["2577.62","0.387957","0","1"],["2577.66","0.117882","0","1"]],"bids":[["2577.53","0.857988","0","2"],["2577.52","0.15","0","1"],["2577.5","0.992","0","1"],["2577.47","0.842858","0","1"],["2577.46","0.000392","0","1"]],"instId":"ETH-USDT","ts":"1751560918708","seqId":52745553499}]}
[2025-07-04 00:42:01] DEBUG: WSOB data bids=5 asks=5
[2025-07-04 00:42:01] DEBUG: WSOB RAW: {"arg":{"channel":"books5","instId":"ETH-USDT"},"data":[{"asks":[["2577.54","22.366838","0","11"],["2577.55","1.43099","0","1"],["2577.57","4.38201","0","1"],["2577.62","0.387957","0","1"],["2577.66","0.117882","0","1"]],"bids":[["2577.53","2.447988","0","3"],["2577.52","0.15","0","1"],["2577.5","0.992","0","1"],["2577.47","0.842858","0","1"],["2577.46","0.000392","0","1"]],"instId":"ETH-USDT","ts":"1751560918808","seqId":52745553521}]}
[2025-07-04 00:42:01] DEBUG: WSOB data bids=5 asks=5
[2025-07-04 00:42:02] DEBUG: WSOB RAW: {"arg":{"channel":"books5","instId":"ETH-USDT"},"data":[{"asks":[["2577.54","23.252838","0","12"],["2577.57","4.38201","0","1"],["2577.62","0.387957","0","1"],["2577.66","0.117882","0","1"],["2577.76","0.0038","0","1"]],"bids":[["2577.53","0.857988","0","2"],["2577.52","0.15","0","1"],["2577.5","0.992","0","1"],["2577.47","0.842858","0","1"],["2577.46","0.000392","0","1"]],"instId":"ETH-USDT","ts":"1751560918908","seqId":52745553547}]}
[2025-07-04 00:42:02] DEBUG: WSOB data bids=5 asks=5
[2025-07-04 00:42:02] DEBUG: WSOB RAW: {"arg":{"channel":"books5","instId":"ETH-USDT"},"data":[{"asks":[["2577.54","23.452838","0","14"],["2577.56","1.43099","0","1"],["2577.57","4.38201","0","1"],["2577.59","0.1","0","1"],["2577.62","0.387957","0","1"]],"bids":[["2577.53","0.857988","0","2"],["2577.52","0.15","0","1"],["2577.5","0.992","0","1"],["2577.47","0.842858","0","1"],["2577.46","0.000392","0","1"]],"instId":"ETH-USDT","ts":"1751560919008","seqId":52745553602}]}
[2025-07-04 00:42:02] DEBUG: WSOB data bids=5 asks=5
[2025-07-04 00:42:02] DEBUG: WSOB RAW: {"arg":{"channel":"books5","instId":"ETH-USDT"},"data":[{"asks":[["2577.54","23.452838","0","14"],["2577.56","1.43099","0","1"],["2577.57","4.38201","0","1"],["2577.59","0.1","0","1"],["2577.62","0.387957","0","1"]],"bids":[["2577.53","0.857988","0","2"],["2577.5","0.992","0","1"],["2577.47","0.842858","0","1"],["2577.46","0.000392","0","1"],["2577.44","0.101118","0","2"]],"instId":"ETH-USDT","ts":"1751560919108","seqId":52745553624}]}
[2025-07-04 00:42:02] DEBUG: WSOB data bids=5 asks=5
[2025-07-04 00:42:02] DEBUG: WSOB RAW: {"arg":{"channel":"books5","instId":"ETH-USDT"},"data":[{"asks":[["2577.54","23.452838","0","14"],["2577.56","1.43099","0","1"],["2577.57","4.38201","0","1"],["2577.59","0.1","0","1"],["2577.62","0.387957","0","1"]],"bids":[["2577.53","0.926423","0","3"],["2577.5","0.992","0","1"],["2577.47","0.842858","0","1"],["2577.46","0.000392","0","1"],["2577.44","0.101118","0","2"]],"instId":"ETH-USDT","ts":"1751560919208","seqId":52745553652}]}
[2025-07-04 00:42:02] DEBUG: WSOB data bids=5 asks=5
[2025-07-04 00:42:02] DEBUG: WSOB RAW: {"arg":{"channel":"books5","instId":"ETH-USDT"},"data":[{"asks":[["2577.51","30.218813","0","13"],["2577.52","12.443931","0","2"],["2577.53","3.69","0","1"],["2577.54","0.2","0","2"],["2577.59","0.1","0","1"]],"bids":[["2577.5","0.992","0","1"],["2577.47","0.842858","0","1"],["2577.46","0.000392","0","1"],["2577.44","0.101118","0","2"],["2577.4","0.992","0","1"]],"instId":"ETH-USDT","ts":"1751560919308","seqId":52745553758}]}
[2025-07-04 00:42:02] DEBUG: WSOB data bids=5 asks=5
[2025-07-04 00:42:02] DEBUG: WSOB RAW: {"arg":{"channel":"books5","instId":"ETH-USDT"},"data":[{"asks":[["2577.51","30.318144","0","14"],["2577.52","2.139387","0","2"],["2577.53","3.69","0","1"],["2577.54","0.1","0","1"],["2577.59","0.1","0","1"]],"bids":[["2577.5","0.992","0","1"],["2577.44","0.101118","0","2"],["2577.4","0.992","0","1"],["2577.37","0.0038","0","1"],["2577.28","0.948215","0","1"]],"instId":"ETH-USDT","ts":"1751560919408","seqId":52745553852}]}
[2025-07-04 00:42:02] DEBUG: WSOB data bids=5 asks=5
[2025-07-04 00:42:02] DEBUG: WSOB RAW: {"arg":{"channel":"books5","instId":"ETH-USDT"},"data":[{"asks":[["2577.51","21.196384","0","8"],["2577.54","0.1","0","1"],["2577.62","0.387957","0","1"],["2577.66","0.117882","0","1"],["2577.76","0.0038","0","1"]],"bids":[["2577.5","7.181","0","5"],["2577.44","0.101118","0","2"],["2577.4","0.992","0","1"],["2577.37","0.0038","0","1"],["2577.28","0.948215","0","1"]],"instId":"ETH-USDT","ts":"1751560919508","seqId":52745553949}]}
[2025-07-04 00:42:02] DEBUG: WSOB data bids=5 asks=5
[2025-07-04 00:42:02] DEBUG: WSOB RAW: {"arg":{"channel":"books5","instId":"ETH-USDT"},"data":[{"asks":[["2577.51","21.196384","0","8"],["2577.54","0.1","0","1"],["2577.62","0.387957","0","1"],["2577.66","0.117882","0","1"],["2577.76","0.0038","0","1"]],"bids":[["2577.5","3.337","0","3"],["2577.44","0.101118","0","2"],["2577.4","0.992","0","1"],["2577.37","0.0038","0","1"],["2577.28","0.948215","0","1"]],"instId":"ETH-USDT","ts":"1751560919608","seqId":52745553983}]}
[2025-07-04 00:42:02] DEBUG: WSOB data bids=5 asks=5
[2025-07-04 00:42:02] DEBUG: WSOB RAW: {"arg":{"channel":"books5","instId":"ETH-USDT"},"data":[{"asks":[["2577.51","21.264679","0","9"],["2577.54","0.1","0","1"],["2577.62","0.387957","0","1"],["2577.66","0.117882","0","1"],["2577.76","0.0038","0","1"]],"bids":[["2577.5","3.337","0","3"],["2577.44","0.101118","0","2"],["2577.4","0.992","0","1"],["2577.37","0.0038","0","1"],["2577.28","0.948215","0","1"]],"instId":"ETH-USDT","ts":"1751560919808","seqId":52745554018}]}
[2025-07-04 00:42:02] DEBUG: WSOB data bids=5 asks=5
[2025-07-04 00:42:03] DEBUG: WSOB RAW: {"arg":{"channel":"books5","instId":"ETH-USDT"},"data":[{"asks":[["2577.51","22.150679","0","10"],["2577.54","0.1","0","1"],["2577.62","0.387957","0","1"],["2577.66","0.117882","0","1"],["2577.76","0.0038","0","1"]],"bids":[["2577.5","3.337","0","3"],["2577.44","0.101118","0","2"],["2577.4","0.992","0","1"],["2577.37","0.0038","0","1"],["2577.28","0.948215","0","1"]],"instId":"ETH-USDT","ts":"1751560920008","seqId":52745554036}]}
[2025-07-04 00:42:03] DEBUG: WSOB data bids=5 asks=5
[2025-07-04 00:42:03] DEBUG: WSOB RAW: {"arg":{"channel":"books5","instId":"ETH-USDT"},"data":[{"asks":[["2577.51","11.13502","0","6"],["2577.54","0.1","0","1"],["2577.64","0.1","0","1"],["2577.66","0.117882","0","1"],["2577.76","0.0038","0","1"]],"bids":[["2577.5","12.342","0","9"],["2577.44","0.101118","0","2"],["2577.4","0.992","0","1"],["2577.37","0.0038","0","1"],["2577.28","0.948215","0","1"]],"instId":"ETH-USDT","ts":"1751560920108","seqId":52745554085}]}
[2025-07-04 00:42:03] DEBUG: WSOB data bids=5 asks=5
[2025-07-04 00:42:03] DEBUG: WSOB RAW: {"arg":{"channel":"books5","instId":"ETH-USDT"},"data":[{"asks":[["2577.51","11.03502","0","5"],["2577.64","0.1","0","1"],["2577.66","0.117882","0","1"],["2577.76","0.0038","0","1"],["2577.79","3.36658","0","1"]],"bids":[["2577.5","15.842","0","10"],["2577.44","0.101118","0","2"],["2577.41","2.236419","0","1"],["2577.4","0.992","0","1"],["2577.37","0.0038","0","1"]],"instId":"ETH-USDT","ts":"1751560920208","seqId":52745554165}]}
[2025-07-04 00:42:03] DEBUG: WSOB data bids=5 asks=5
[2025-07-04 00:42:03] DEBUG: WSOB RAW: {"arg":{"channel":"books5","instId":"ETH-USDT"},"data":[{"asks":[["2577.51","10.523105","0","3"],["2577.64","0.1","0","1"],["2577.66","0.117882","0","1"],["2577.76","0.0038","0","1"],["2577.79","3.36658","0","1"]],"bids":[["2577.5","15.842","0","10"],["2577.44","0.101118","0","2"],["2577.41","2.236419","0","1"],["2577.4","0.992","0","1"],["2577.37","0.0038","0","1"]],"instId":"ETH-USDT","ts":"1751560920308","seqId":52745554207}]}
[2025-07-04 00:42:03] DEBUG: WSOB data bids=5 asks=5
[2025-07-04 00:42:04] DEBUG: WSOB RAW: {"arg":{"channel":"books5","instId":"ETH-USDT"},"data":[{"asks":[["2577.51","10.523105","0","3"],["2577.64","0.1","0","1"],["2577.66","0.117882","0","1"],["2577.76","0.0038","0","1"],["2577.79","3.36658","0","1"]],"bids":[["2577.5","12.152","0","9"],["2577.44","0.101118","0","2"],["2577.41","2.236419","0","1"],["2577.4","0.992","0","1"],["2577.37","0.0038","0","1"]],"instId":"ETH-USDT","ts":"1751560920608","seqId":52745554308}]}
[2025-07-04 00:42:04] DEBUG: WSOB data bids=5 asks=5
[2025-07-04 00:42:04] DEBUG: WSOB RAW: {"arg":{"channel":"books5","instId":"ETH-USDT"},"data":[{"asks":[["2577.51","10.484105","0","3"],["2577.64","0.1","0","1"],["2577.66","0.117882","0","1"],["2577.76","0.0038","0","1"],["2577.79","3.36658","0","1"]],"bids":[["2577.5","12.152","0","9"],["2577.44","0.101118","0","2"],["2577.41","2.236419","0","1"],["2577.4","0.992","0","1"],["2577.37","0.0038","0","1"]],"instId":"ETH-USDT","ts":"1751560920908","seqId":52745554404}]}
[2025-07-04 00:42:04] DEBUG: WSOB data bids=5 asks=5
[2025-07-04 00:42:04] DEBUG: WSOB RAW: {"arg":{"channel":"books5","instId":"ETH-USDT"},"data":[{"asks":[["2577.58","0.1","0","1"],["2577.64","0.1","0","1"],["2577.71","0.1","0","1"],["2577.76","0.0038","0","1"],["2577.77","0.1","0","1"]],"bids":[["2577.57","35.370094","0","20"],["2577.56","4.663117","0","2"],["2577.52","3.5","0","1"],["2577.51","3.678194","0","2"],["2577.5","8.569737","0","4"]],"instId":"ETH-USDT","ts":"1751560921208","seqId":52745554771}]}
[2025-07-04 00:42:04] DEBUG: WSOB data bids=5 asks=5
[2025-07-04 00:42:04] DEBUG: WSOB RAW: {"arg":{"channel":"books5","instId":"ETH-USDT"},"data":[{"asks":[["2577.9","3.779","0","2"],["2578","0.0001","0","1"],["2578.01","0.00015","0","1"],["2578.03","0.771091","0","2"],["2578.05","0.000392","0","1"]],"bids":[["2577.89","31.963032","0","16"],["2577.8","4.492","0","2"],["2577.75","3.678194","0","2"],["2577.72","3.5","0","1"],["2577.71","3.69","0","1"]],"instId":"ETH-USDT","ts":"1751560921308","seqId":52745555220}]}
[2025-07-04 00:42:04] DEBUG: WSOB data bids=5 asks=5
[2025-07-04 00:42:04] DEBUG: WSOB RAW: {"arg":{"channel":"books5","instId":"ETH-USDT"},"data":[{"asks":[["2578.03","5.627","0","4"],["2578.06","0.01","0","1"],["2578.08","0.559651","0","1"],["2578.09","0.102","0","2"],["2578.13","0.09069","0","1"]],"bids":[["2578.02","28.076007","0","14"],["2578","0.0001","0","1"],["2577.99","3.5","0","1"],["2577.9","4.670194","0","3"],["2577.89","6.622419","0","3"]],"instId":"ETH-USDT","ts":"1751560921408","seqId":52745555594}]}
[2025-07-04 00:42:04] DEBUG: WSOB data bids=5 asks=5
[2025-07-04 00:42:04] DEBUG: WSOB RAW: {"arg":{"channel":"books5","instId":"ETH-USDT"},"data":[{"asks":[["2578.09","9.595","0","6"],["2578.13","0.09069","0","1"],["2578.22","0.0038","0","1"],["2578.24","0.836407","0","1"],["2578.27","0.00015","0","1"]],"bids":[["2578.08","24.114701","0","11"],["2578.06","0.178194","0","1"],["2578.05","2.236419","0","1"],["2578.03","0.178194","0","1"],["2578.02","3.5","0","1"]],"instId":"ETH-USDT","ts":"1751560921508","seqId":52745555967}]}
[2025-07-04 00:42:04] DEBUG: WSOB data bids=5 asks=5
[2025-07-04 00:42:04] DEBUG: WSOB RAW: {"arg":{"channel":"books5","instId":"ETH-USDT"},"data":[{"asks":[["2578.06","11.350614","0","9"],["2578.08","0.178194","0","1"],["2578.13","0.09069","0","1"],["2578.22","0.0038","0","1"],["2578.24","0.836407","0","1"]],"bids":[["2578.05","2.236419","0","1"],["2578","0.9921","0","2"],["2577.9","0.992","0","1"],["2577.83","0.0038","0","1"],["2577.8","0.992","0","1"]],"instId":"ETH-USDT","ts":"1751560921608","seqId":52745556097}]}
[2025-07-04 00:42:04] DEBUG: WSOB data bids=5 asks=5
[2025-07-04 00:42:04] DEBUG: WSOB RAW: {"arg":{"channel":"books5","instId":"ETH-USDT"},"data":[{"asks":[["2578.01","16.865991","0","11"],["2578.05","3.319676","0","1"],["2578.06","1.52511","0","2"],["2578.08","0.387889","0","1"],["2578.13","0.09069","0","1"]],"bids":[["2578","4.4921","0","3"],["2577.93","2.236419","0","1"],["2577.9","0.992","0","1"],["2577.83","0.0038","0","1"],["2577.8","0.992","0","1"]],"instId":"ETH-USDT","ts":"1751560921708","seqId":52745556174}]}
[2025-07-04 00:42:04] DEBUG: WSOB data bids=5 asks=5
[2025-07-04 00:42:05] DEBUG: WSOB RAW: {"arg":{"channel":"books5","instId":"ETH-USDT"},"data":[{"asks":[["2578.01","15.340557","0","9"],["2578.08","0.387889","0","1"],["2578.13","0.09069","0","1"],["2578.22","0.0038","0","1"],["2578.24","0.836407","0","1"]],"bids":[["2578","4.4921","0","3"],["2577.93","2.236419","0","1"],["2577.9","0.992","0","1"],["2577.83","0.0038","0","1"],["2577.8","0.992","0","1"]],"instId":"ETH-USDT","ts":"1751560921808","seqId":52745556204}]}
[2025-07-04 00:42:05] DEBUG: WSOB data bids=5 asks=5
[2025-07-04 00:42:05] DEBUG: WSOB RAW: {"arg":{"channel":"books5","instId":"ETH-USDT"},"data":[{"asks":[["2578.01","15.340557","0","9"],["2578.08","0.387889","0","1"],["2578.13","0.09069","0","1"],["2578.22","0.0038","0","1"],["2578.24","0.836407","0","1"]],"bids":[["2578","4.4921","0","3"],["2577.93","5.736419","0","2"],["2577.9","4.492","0","2"],["2577.83","3.5038","0","2"],["2577.8","0.992","0","1"]],"instId":"ETH-USDT","ts":"1751560921908","seqId":52745556221}]}
[2025-07-04 00:42:05] DEBUG: WSOB data bids=5 asks=5
[2025-07-04 00:42:05] DEBUG: WSOB RAW: {"arg":{"channel":"books5","instId":"ETH-USDT"},"data":[{"asks":[["2578.01","15.340557","0","9"],["2578.08","0.387889","0","1"],["2578.13","0.09069","0","1"],["2578.22","0.0038","0","1"],["2578.24","0.836799","0","2"]],"bids":[["2578","4.4921","0","3"],["2577.93","5.736419","0","2"],["2577.9","4.492","0","2"],["2577.83","3.5038","0","2"],["2577.8","0.992","0","1"]],"instId":"ETH-USDT","ts":"1751560922008","seqId":52745556237}]}
[2025-07-04 00:42:05] DEBUG: WSOB data bids=5 asks=5
[2025-07-04 00:42:05] DEBUG: WSOB RAW: {"arg":{"channel":"books5","instId":"ETH-USDT"},"data":[{"asks":[["2578.01","15.340557","0","9"],["2578.06","0.009269","0","1"],["2578.08","0.387889","0","1"],["2578.13","0.09069","0","1"],["2578.22","0.0038","0","1"]],"bids":[["2578","0.9921","0","2"],["2577.93","5.736419","0","2"],["2577.9","4.492","0","2"],["2577.83","3.5038","0","2"],["2577.8","4.492","0","2"]],"instId":"ETH-USDT","ts":"1751560922108","seqId":52745556244}]}
[2025-07-04 00:42:05] DEBUG: WSOB data bids=5 asks=5
[2025-07-04 00:42:05] DEBUG: WSOB RAW: {"arg":{"channel":"books5","instId":"ETH-USDT"},"data":[{"asks":[["2578.01","14.57784","0","8"],["2578.06","0.009269","0","1"],["2578.08","0.387889","0","1"],["2578.13","0.09069","0","1"],["2578.22","0.0038","0","1"]],"bids":[["2578","6.5401","0","5"],["2577.93","2.236419","0","1"],["2577.9","4.492","0","2"],["2577.83","3.5038","0","2"],["2577.8","4.492","0","2"]],"instId":"ETH-USDT","ts":"1751560922208","seqId":52745556263}]}
[2025-07-04 00:42:05] DEBUG: WSOB data bids=5 asks=5
[2025-07-04 00:42:05] DEBUG: WSOB RAW: {"arg":{"channel":"books5","instId":"ETH-USDT"},"data":[{"asks":[["2578.01","14.57784","0","8"],["2578.02","0.1","0","1"],["2578.06","0.009269","0","1"],["2578.08","0.487889","0","2"],["2578.13","0.09069","0","1"]],"bids":[["2578","0.992","0","1"],["2577.93","2.236419","0","1"],["2577.9","0.992","0","1"],["2577.83","3.5038","0","2"],["2577.8","4.492","0","2"]],"instId":"ETH-USDT","ts":"1751560922308","seqId":52745556286}]}
[2025-07-04 00:42:05] DEBUG: WSOB data bids=5 asks=5
[2025-07-04 00:42:05] DEBUG: WSOB RAW: {"arg":{"channel":"books5","instId":"ETH-USDT"},"data":[{"asks":[["2578.01","14.57784","0","8"],["2578.02","0.1","0","1"],["2578.06","0.009269","0","1"],["2578.08","0.487889","0","2"],["2578.13","0.09069","0","1"]],"bids":[["2578","0.992","0","1"],["2577.93","2.236419","0","1"],["2577.9","0.992","0","1"],["2577.83","0.0038","0","1"],["2577.8","4.492","0","2"]],"instId":"ETH-USDT","ts":"1751560922408","seqId":52745556303}]}
[2025-07-04 00:42:05] DEBUG: WSOB data bids=5 asks=5
[2025-07-04 00:42:05] DEBUG: WSOB RAW: {"arg":{"channel":"books5","instId":"ETH-USDT"},"data":[{"asks":[["2577.91","11.835264","0","10"],["2577.99","1.323533","0","1"],["2578","0.178294","0","2"],["2578.01","5.569257","0","3"],["2578.02","0.1","0","1"]],"bids":[["2577.9","0.992","0","1"],["2577.83","2.236419","0","1"],["2577.8","0.992","0","1"],["2577.73","3.5","0","1"],["2577.72","3.5","0","1"]],"instId":"ETH-USDT","ts":"1751560922508","seqId":52745556422}]}
[2025-07-04 00:42:05] DEBUG: WSOB data bids=5 asks=5
[2025-07-04 00:42:05] DEBUG: WSOB RAW: {"arg":{"channel":"books5","instId":"ETH-USDT"},"data":[{"asks":[["2577.91","7.382532","0","8"],["2578","0.178294","0","2"],["2578.01","0.762717","0","1"],["2578.02","0.1","0","1"],["2578.06","0.009269","0","1"]],"bids":[["2577.9","2.747","0","3"],["2577.83","2.236419","0","1"],["2577.8","0.992","0","1"],["2577.73","3.5","0","1"],["2577.72","3.5","0","1"]],"instId":"ETH-USDT","ts":"1751560922608","seqId":52745556463}]}
[2025-07-04 00:42:05] DEBUG: WSOB data bids=5 asks=5
[2025-07-04 00:42:06] DEBUG: WSOB RAW: {"arg":{"channel":"books5","instId":"ETH-USDT"},"data":[{"asks":[["2577.91","7.382532","0","8"],["2578","0.178294","0","2"],["2578.01","0.762717","0","1"],["2578.02","0.1","0","1"],["2578.06","0.009269","0","1"]],"bids":[["2577.9","1.157","0","2"],["2577.83","2.236419","0","1"],["2577.8","0.992","0","1"],["2577.73","3.5","0","1"],["2577.72","3.5","0","1"]],"instId":"ETH-USDT","ts":"1751560922908","seqId":52745556514}]}
[2025-07-04 00:42:06] DEBUG: WSOB data bids=5 asks=5
[2025-07-04 00:42:06] DEBUG: WSOB RAW: {"arg":{"channel":"books5","instId":"ETH-USDT"},"data":[{"asks":[["2577.91","7.382532","0","8"],["2578","0.178294","0","2"],["2578.01","0.762717","0","1"],["2578.02","0.1","0","1"],["2578.06","0.009269","0","1"]],"bids":[["2577.9","0.992","0","1"],["2577.83","2.236419","0","1"],["2577.8","0.992","0","1"],["2577.73","3.5","0","1"],["2577.72","3.5","0","1"]],"instId":"ETH-USDT","ts":"1751560923008","seqId":52745556522}]}
[2025-07-04 00:42:06] DEBUG: WSOB data bids=5 asks=5
[2025-07-04 00:42:06] DEBUG: WSOB RAW: {"arg":{"channel":"books5","instId":"ETH-USDT"},"data":[{"asks":[["2577.91","7.382532","0","8"],["2577.93","0.1","0","1"],["2577.99","0.1","0","1"],["2578","0.178294","0","2"],["2578.01","0.762717","0","1"]],"bids":[["2577.9","0.992","0","1"],["2577.83","2.236419","0","1"],["2577.8","0.992","0","1"],["2577.73","3.5","0","1"],["2577.72","3.5","0","1"]],"instId":"ETH-USDT","ts":"1751560923408","seqId":52745556563}]}
[2025-07-04 00:42:06] DEBUG: WSOB data bids=5 asks=5
[2025-07-04 00:42:06] DEBUG: WSOB RAW: {"arg":{"channel":"books5","instId":"ETH-USDT"},"data":[{"asks":[["2577.91","7.382532","0","8"],["2577.93","0.1","0","1"],["2577.99","0.1","0","1"],["2578","0.178294","0","2"],["2578.01","0.762717","0","1"]],"bids":[["2577.9","2.861","0","3"],["2577.83","2.236419","0","1"],["2577.8","0.992","0","1"],["2577.73","3.5","0","1"],["2577.72","3.5","0","1"]],"instId":"ETH-USDT","ts":"1751560923508","seqId":52745556570}]}
[2025-07-04 00:42:06] DEBUG: WSOB data bids=5 asks=5
